2834 5090
402 437 451 498 '⁴
571 445 631 514 δῦ

53 614 248 710 tusculum)
274 626 464 710 appareret„
525 609 869 720 Artes2)·tibe1ales3
896 616 1143 714 studiosissime

49 735 154 821 coluit,
176 755 362 827 earumque
390 730 552 802 doctores
585 732 764 830 plurimum
789 731 989 822 ueneratus,
1014 739 1158 834 magnis„

48 852 209 924 alliciebat
232 851 433 924 honoribus.
489 840 530 922 ln
564 851 730 924 discenda
761 855 977 950 grammatica
1002 853 1143 927 Petrum
1261 844 1264 850 ’

47 970 212 1058 Pisanum,
238 969 418 1042 diaconum
431 969 621 1063 ³),senem
644 967 782 1064 audiuit,
807 975 842 1046 in
869 977 1013 1046 caeteris
1041 974 1144 1047 disci-¹

48 1094 143 1190 plinis
177 1088 340 1166 Albinum
374 1103 605 1186 cognomento
630 1089 879 1183 Aleuinumt),
916 1095 996 1164 item
1029 1093 1145 1168 ‹liaco-

48 1239 130 1298 num,
156 1210 201 1282 de
224 1207 433 1306 Brittapnia,
467 1207 629 1284 Saxonici
654 1214 792 1307 generis
815 1211 1005 1300 hominem,
1035 1217 1144 1286 virum

47 1331 271 1429 undecunque
304 1327 556 1418 doctissimum,
591 1339 853 1429 praeceptorem
884 1332 1019 1420 habuit3
1055 1327 1147 1430 apud

48 1478 146 1550 quem
178 1461 213 1522 et
242 1447 435 1544 rhetpricae
470 1463 505 1522 et
547 1451 764 1539 dialecticae,
807 1453 994 1554 praecipue
1033 1443 1146 1526 tamen
1168 1432 1178 1484 '⁸

47 1567 501 1644 astronomiaoediscendao
525 1571 705 1669 plurimum
732 1585 767 1643 et
799 1575 964 1669 temporis
989 1585 1024 1645 et
1048 1573 1144 1646 labo·
1210 1553 1217 1569 .

47 1696 87 1765 ris
111 1691 303 1791 impertivit.
353 1684 526 1762 Diseebat
551 1704 657 1763 artem
692 1691 928 1790 computandi,
967 1703 1002 1764 et
1034 1695 1145 1765 inten-
1227 1691 1229 1698 ’

47 1813 134 1883 tione
166 1811 280 1908 sagaci
313 1806 464 1878 siderum
496 1812 662 1904 cursus⁵)
694 1814 925 1882 curiosissime
956 1814 1146 1886 rimabatur.

48 1929 213 2005 Tentabat
245 1941 281 2000 et
312 1914 483 2015 scribere,
512 1931 715 2028 tabulasque
754 1941 789 2002 et
823 1929 1013 2002 codicellos
1027 1934 1061 2024 ⁶)
1103 1920 1158 2002 ad*

47 2047 168 2121 hocin
195 2050 288 2121 lecto
308 2049 374 2120 'sub
404 2050 631 2122 cervicalibus
668 2037 1069 2134 circumferre‘solebat,
1099 2058 1147 2133 ut,
1241 2139 1246 2146 Ι

49 2195 120 2241 cum
151 2195 297 2240 vacuum
330 2180 464 2266 tempus
500 2182 608 2258 esset,
638 2199 772 2243 manum
806 2171 913 2242 literis
945 2163 1148 2262 effingendis

48 2289 281 2374 adsuesceret3
305 2285 368 2360 sed
391 2315 510 2388 parum
536 2294 705 2362 successit
729 2293 827 2363 labor
843 2299 1086 2387 praeposterus
1107 2311 1148 2356 ac

48 2435 117 2483 sero
143 2407 333 2484 inchoatus.
507 2393 510 2400 ¹

453 2585 560 2686 cir».
605 2607 740 2695 xnus

140 2743 415 2841 Religionemt)
444 2743 675 2832 christianam,
707 2769 773 2842 qua
806 2744 849 2815 ab
876 2741 1015 2812 infantia
1040 2738 1162 2813 luerat

50 2867 208 2950 imbutus,
247 2862 461 2935 sanctissime
495 2873 530 2931 et
563 2888 640 2934 cunr
669 2861 844 2954 summa⁸)
876 2864 1005 2960 pietate
1033 2859 1148 2944 coluit,

50 3009 84 3056 ac
106 2997 252 3084 propter
275 2982 344 3054 hoc
368 2981 533 3079 plurimae
548 2979 811 3078 pulchritudinis
826 2983 998 3053 basilicam
1018 2975 1148 3075 Aquis·
1263 2983 1267 2993 “

51 3171 246 3184 -α--ι-σισ-

126 3308 158 3384 ¹)
177 3303 239 3376 All.
258 3301 439 3380 didascalus,
464 3303 630 3380 didacrdus,
655 3301 818 3376 dicacatur,
844 3295 1018 3356 dialecticus.
1036 3326 1074 3340 -
1093 3291 1150 3352 Di·

52 3401 178 3464 doscnlaas
203 3421 313 3458 nornen
341 3399 463 3459 honoris
489 3399 576 3460 fuisse
596 3398 726 3470 videtur,
753 3397 799 3456 eui
825 3395 1032 3454 lorte'noster
1050 3388 1150 3450 titulus

51 3497 230 3581 Professoris
254 3505 313 3553 aut'
327 3491 470 3570 Magistri
500 3495 560 3555 sive
585 3493 723 3556 Doctorts
754 3488 917 3568 comparari
947 3485 1049 3568 possit.
1099 3483 1149 3544 Sic
1230 3537 1234 3544 .

52 3595 122 3672 apud
141 3589 316 3674 Rigordum·
328 3609 353 3647 tt·
374 3593 461 3654 1181:
488 3590 683 3666 Sapientiores
701 3585 879 3645 Iudaeorum
900 3586 932 3642 in
956 3583 1017 3659 lege
1035 3579 1152 3662 Moysis

53 3687 244 3749 Didascali
266 3683 468 3760 appollonium
493 3697 523 3746 et
547 3705 651 3745 vocem
676 3681 882 3744 Didascalicus
907 3679 1031 3742 Glossae
1059 3671 1150 3753 expli-

54 3797 116 3844 cant
134 3783 336 3844 nouissimos.
356 3809 395 3824 --
413 3779 576 3846 Bredow.
1032 3783 1035 3788 ’

127 3879 160 3956 ²)
182 3876 246 3937 etr.
265 3875 409 3934 Sueten.
433 3875 530 3936 Tiber.
552 3900 576 3936 c.
592 3882 642 3948 ¹70,-
662 3914 701 3925 -
719 3874 840 3932 Perta.

54 4037 58 4045 ,
126 3975 160 4052 ³)
180 3971 238 4032 All.
258 3969 415 4046 dimaon,
436 3971 515 4049 quod
534 3991 602 4030 mox
620 3969 651 4027 in
670 3959 734 4048 sqq.
754 3969 867 4052 recepit
886 3969 981 4030 Pertz.
1064 3983 1066 3988 ·

128 4069 161 4146 4)
181 4069 270 4126 Pertz
291 4070 325 4126 ert
344 4065 410 4127 cod.
429 4051 517 4125 Vind.
538 4063 659 4145 allisque
678 4065 845 4128 Alcoinum.

130 4167 162 4242 ⁵)
182 4163 241 4224 All.
261 4180 384 4221 murm.
423 4194 463 4206 -
502 4163 535 4239 ⁰)
553 4161 611 4226 All.
631 4159 785 4221 codtcillos.

130 4257 164 4334 ⁹)
186 4256 249 4316 etr.
269 4258 410 4321 Sueten.
429 4256 513 4330 Aug.
533 4276 558 4314 c.
578 4259 691 4321 90.’93.
711 4288 750 4302 -
769 4253 882 4314 Porta.

130 4353 163 4430 ⁸)
185 4351 260 4412 Cori.
280 4353 369 4413 vind.
387 4353 566 4412 smnsstmo
584 4366 610 4410 et
627 4372 747 4410 sumana.
