2834 5090
743 445 750 472 ·
781 435 869 536 nno

320 605 469 689 Pippinus
496 599 665 666 secundm
690 623 809 667 morem
830 605 1024 682 Francorum
1053 603 1169 668 electus
1191 614 1238 668 est
1257 603 1298 668 ad
1316 606 1380 669 Re-

321 729 401 792 gem,
423 715 455 768 et
475 713 586 766 unctus
606 725 665 786 per
685 727 811 767 manum
832 713 955 768 sanctae
967 705 1380 790 memoriaedrclniepiscopi

320 801 481 883 Bonifa'cii,
503 814 535 868 et
556 805 690 868 elevatus
712 827 731 866 a
750 805 878 866 Francis
903 805 935 866 iu
956 806 1076 888 Regno,
1097 805 1130 867 in
1146 807 1315 869 Suessionis
1335 807 1380 869 ci-

321 909 427 970 vitate.
471 904 646 966 Hildericus
667 923 753 982 vero,
775 905 829 987 qui
850 905 926 968 falso
946 906 1011 968 Rex
1031 907 1214 986 vocabatur,
1233 915 1379 970 tousura-

319 1017 369 1068 tus
392 1013 438 1066 est
457 1014 489 1066 et
508 1005 548 1065 in.
562 1003 668 1066 Sithiu
687 1005 911 1066 monasterinm
930 1003 1046 1068 missas.

362 1109 397 1168 lu
419 1105 480 1168 den
501 1103 606 1166 Annas.
623 1093 777 1176 'ewas.,
804 1105 1101 1170 welche'dieselben
1122 1106 1382 1172 Worte'enthcl·

280 1218 343 1286 ten,
364 1204 443 1269 fehlt
464 1203 521 1267 der
541 1205 637 1267 Nema
659 1204 712 1268 des
732 1207 873 1270 Klosters
886 1205 999 1287 Sitlniu,
1020 1207 1080 1273 wic
1099 1207 1310 1286 beiEinhard,
1328 1228 1378 1271 wo

280 1329 317 1370 er
338 1306 404 1370 slch
426 1327 487 1366 nur
510 1305 543 1366 iu
557 1305 655 1368 Einex·
668 1303 871 1370 Haudscinrift
894 1306 1000 1370 findet.
1046 1305 1204 1366 &cnecon
1214 1306 1378 1368 Hr'ldeslrd-

225 1405 228 1416 '
278 1403 516 1486 nsemcop.De
539 1403 1032 1489 chasne,Tom.111‚p.·coc=
1218 1415 1221 1422 '

320 1511 410 1578 Anno
432 1506 546 1568 DCCL.
568 1506 791 1584 lucarnaticnis
812 1507 995 1584 Dominioae
1015 1508 1109 1571 mittit
1120 1509 1272 1592 Pip'piuus
1282 1511 1378 1592 Lega-

320 1619 368 1670 tos
390 1609 520 1671 Romam
541 1607 581 1670 ad
599 1607 780 1669 Zachariam
800 1609 932 1690 Papam,
953 1618 989 1671 ut
1009 1594 1237 1694 interrogarent
1258 1609 1299 1671 de
1318 1610 1378 1670 Re·

319 1709 409 1792 gibus
430 1710 638 1787 Francorum,
657 1709 713 1791 'qui
734 1730 769 1770 ex
791 1710 888 1792 stirpe
908 1709 1005 1792 Regia
1017 1711 1131 1787 erant,
1153 1718 1185 1771 et
1200 1711 1302 1791 Reges
1325 1730 1378 1789 ap-

320 1812 527 1894 pellabantur,
549 1811 725 1894 nullamque
746 1822 932 1893 potestatem
945 1813 985 1874 ·in
1003 1812 1111 1893 Regno
1133 1809 1300 1886 habehant,
1322 1807 1376 1869 nisi

321 1923 442 1976 tautum
464 1911 549 1996 quod
560 1911 671 1982 Cartae
692 1921 724 1973 et
736 1913 903 1996 Privilegia
923 1913 956 1973 in
978 1911 1103 1972 nomine
1124 1931 1233 1972 eorum
1245 1909 1377 1975 couscri-

323 2014 492 2078 bebantur:
514 2021 701 2092 potestatem
722 2033 796 2074 vero
808 2014 935 2096 Regiam
955 2013 1078 2093 penitus
1091 2013 1205 2074 nullam
1213 2011 1376 2086 habebant,

230 2133 232 2140 ’
322 2113 376 2176 sed
399 2111 484 2196 quod
504 2111 606 2173 Maior
626 2114 744 2172 Domus
765 2113 959 2174 Francorum
980 2111 1114 2192 volebat,
1134 2113 1196 2175 hoc
1216 2113 1375 2174 faciebant.

321 2215 357 2274 In
380 2212 431 2274 die
457 2219 561 2273 autem
582 2210 689 2271 Martis
715 2231 826 2292 campo
847 2212 1017 2276 secuudum
1038 2215 1196 2298 audquam
1217 2220 1376 2275 consuetu-

279 2363 282 2372 .
324 2312 429 2374 dinem
450 2310 533 2373 dona
553 2310 611 2372 illis
623 2311 798 2393 Regibus'a
819 2313 935 2396 populo
956 2314 1179 2394 offerebantur,
1199 2323 1231 2376 et
1243 2314 1308 2392 ipse
1318 2313 1375 2374 Rex

303 2412 448 2502 ⁹'sedebat
468 2411 501 2473 iu
523 2411 596 2474 sella
616 2411 702 2494 regia
724 2413 945 2476 circumstante
962 2416 1098 2479 exercitu
1114 2425 1151 2477 et
1159 2415 1262 2476 Maior
1273 2413 1375 2476 domus
1407 2475 1408 2482 χ

279 2555 282 2566 ·
323 2535 429 2576 coram
451 2534 505 2596 eos.
540 2512 823 2594 Praecipiehntquc·
837 2514 887 2576 die
908 2514 961 2575 illo
982 2513 1130 2598 quicquid
1152 2514 1306 2576 aFrancis
1324 2512 1376 2576 de-

323 2623 444 2678 cretum
465 2622 541 2678 cunt.
580 2613 641 2674 Die
661 2634 736 2674 vcro
758 2614 817 2674 alia
838 2623 871 2675 et
891 2614 1037 2698 deinceps
1054 2614 1138 2677 domi
1153 2615 1289 2678 sedebat.
1321 2616 1375 2676 Za-

322 2715 443 2778 charias
465 2713 562 2794 igitur
581 2713 667 2793 Papa
688 2712 857 2774 secundum
878 2714 1095 2776 auctoritatem
1114 2714 1320 2796 Apostolic'am
1341 2713 1375 2776 ad

322 2812 598 2894 interrogationem
618 2832 727 2874 eorum
747 2813 921 2896 respondite
948 2817 1080 2895 „Melius
1103 2826 1195 2899 atque
1206 2814 1310 2878 utilius
1322 2815 1375 2880 sibi

321 2913 438 2991 videri,
459 2920 495 2973 ut
517 2909 569 2972 ille
589 2911 654 2973 Rex
673 2907 886 2978 nominaretur
908 2925 939 2978 et
960 2927 1047 2996 esset,
1069 2917 1122 2998 qui
1142 2925 1328 2998 potestatem
1345 2917 1375 2978 iu

321 3003 430 3096 Regino
461 3009 613 3092 habebat,
645 3035 738 3096 quam
763 3013 829 3092 ille,
860 3016 915 3098 qui
941 3017 1018 3078 falso
1045 3019 1110 3079 Rex
1142 3013 1375 3098 appellaretur.“

326 3113 487 3177 Mandavit
507 3113 611 3197 ltaque
631 3117 787 3195 praefatus
807 3115 949 3178 Pontifex
961 3117 1039 3199 Regi
1060 3126 1091 3177 et
1111 3117 1227 3199 populo
1242 3119 1375 3180 Franco·

321 3239 403 3294 rum,
424 3225 460 3278 ut
480 3215 639 3298 Pippinus,
661 3214 715 3296 qui
734 3201 886 3293 potestate
907 3215 994 3298 regia
1013 3217 1169 3295 utebatur,
1189 3220 1255 3280 Rex
1274 3219 1374 3304 appel-

324 3314 458 3396 laretur,
487 3315 571 3377 etin
594 3311 665 3376 sede
682 3307 782 3396 'regali
810 3315 1058 3380 constitueretur.
1103 3318 1196 3396 Quod
1217 3319 1315 3382 itaet
1333 3319 1374 3379 fa-

324 3424 409 3476 ctum
431 3426 477 3478 est
497 3436 554 3497 per
575 3413 754 3477 unctionem
767 3413 872 3477 Sancti
885 3415 1276 3502 Bonllaciidrohiepiscopi
1288 3420 1374 3482 Sues-

327 3515 420 3578 sionis
442 3515 574 3578 civitate.
617 3513 797 3598 Appellatur
816 3513 964 3600 Pippinus
981 3519 1057 3597 Rex,
1079 3527 1111 3580 et
1131 3517 1306 3584 Hildericus
1326 3518 1374 3604 qui

326 3615 401 3676 falso
429 3616 494 3694 Rex
526 3615 753 3698 appellabatur,
788 3625 963 3680 tonsuratus
995 3619 1028 3682 in
1055 3619 1277 3685 Monasterium
1306 3621 1373 3684 mit-

323 3713 401 3777 titur
415 3712 452 3789 ¹).

282 3978 432 4048 (Antwcrp.
450 3975 527 4041 1658,
542 3980 613 4051 fol).v
632 3979 762 4051 Bonisac.
777 3983 855 4054 epm.
873 3981 913 4038 ad
928 3983 1044 4040 mosot
1063 4005 1103 4056 ap.
1120 3983 1290 4053 Ss‘rmoud,
1309 3983 1371 4040 Con·

255 4129 258 4138 ¹
283 4059 419 4116 eimau.
437 4059 513 4116 Toni.
532 4062 566 4120 ll.
582 4083 608 4133 p.
625 4066 650 4120 8.

356 4144 383 4215 ¹)
400 4143 539 4202 Disselbeu
549 4147 652 4202 Worte
668 4151 697 4203 in
710 4153 761 4204 den
772 4151 875 4208 Annei·
892 4153 1027 4210 dioneor.
1043 4171 1089 4226 ep.
1107 4154 1283 4212 Lambere.
1303 4155 1371 4210 coss·

153 4285 156 4292 ¹
282 4227 455 4286 mentando
473 4228 535 4288 litt
558 4229 668 4286 Vindob.
687 4236 720 4298 ΙΙ,
737 4240 761 4289 tn
789 4236 957 4308 Booqoer,
974 4241 1006 4305 V,
1022 4261 1048 4311 p.
1065 4241 1106 4303 63,
1124 4243 1179 4294 und
1196 4238 1372 4295 fastnhemiu-

206 4395 211 4406 .
282 4308 475 4371 aduncata
496 4316 822 4377 aaaansotfcldem.
861 4324 946 4392 Vergl.
972 4325 1042 4380 noch
1070 4322 1139 4381 ado
1174 4321 1370 4382 Viennensis
