<?xml version="1.0" encoding="UTF-8"?>
<!DOCTYPE html PUBLIC "-//W3C//DTD XHTML 1.0 Transitional//EN"
    "http://www.w3.org/TR/xhtml1/DTD/xhtml1-transitional.dtd">
<html xmlns="http://www.w3.org/1999/xhtml" xml:lang="en" lang="en">
 <head>
  <title>
</title>
<meta http-equiv="Content-Type" content="text/html;charset=utf-8" />
  <meta name='ocr-system' content='tesseract 3.04.00' />
  <meta name='ocr-capabilities' content='ocr_page ocr_carea ocr_par ocr_line ocrx_word'/>
</head>
<body>
  <div class='ocr_page' id='page_1' title='image "./lebenundwandelk01egingoog_0162.png"; bbox 0 0 2834 5090; ppageno 0'>
   <div class='ocr_carea' id='block_1_1' title="bbox 105 413 1416 4395">
    <p class='ocr_par' dir='ltr' id='par_1_1' title="bbox 309 413 1356 770">
     <span class='ocr_line' id='line_1_1' title="bbox 659 413 864 486; baseline 0 -66"><span class='ocrx_word' id='word_1_1' title='bbox 659 413 662 420; x_wconf 87' lang='lat'>.</span> <span class='ocrx_word' id='word_1_2' title='bbox 774 413 864 486; x_wconf 62' lang='grc'><strong>188</strong></span> 
     </span>
     <span class='ocr_line' id='line_1_2' title="bbox 309 557 1375 670; baseline -0.005 -16"><span class='ocrx_word' id='word_1_3' title='bbox 309 557 462 654; x_wconf 84' lang='lat' dir='ltr'><strong>rebellare</strong></span> <span class='ocrx_word' id='word_1_4' title='bbox 483 594 515 648; x_wconf 88' lang='lat' dir='ltr'><strong>et</strong></span> <span class='ocrx_word' id='word_1_5' title='bbox 535 584 668 668; x_wconf 85' lang='lat' dir='ltr'><strong>irnperio</strong></span> <span class='ocrx_word' id='word_1_6' title='bbox 689 605 745 650; x_wconf 85' lang='lat' dir='ltr'><strong>suo</strong></span> <span class='ocrx_word' id='word_1_7' title='bbox 765 586 910 650; x_wconf 82' lang='lat' dir='ltr'><strong>resistere</strong></span> <span class='ocrx_word' id='word_1_8' title='bbox 930 593 1119 657; x_wconf 86' lang='lat' dir='ltr'><strong>conantem,</strong></span> <span class='ocrx_word' id='word_1_9' title='bbox 1139 582 1225 647; x_wconf 83' lang='lat' dir='ltr'><strong>bello</strong></span> <span class='ocrx_word' id='word_1_10' title='bbox 1246 603 1375 670; x_wconf 86' lang='lat' dir='ltr'><strong>supera-</strong></span> 
     </span>
     <span class='ocr_line' id='line_1_3' title="bbox 309 688 705 770; baseline 0 -19"><span class='ocrx_word' id='word_1_11' title='bbox 309 700 378 752; x_wconf 89' lang='lat' dir='ltr'><strong>tum</strong></span> <span class='ocrx_word' id='word_1_12' title='bbox 398 688 490 770; x_wconf 88' lang='lat' dir='ltr'><strong>cepit</strong></span> <span class='ocrx_word' id='word_1_13' title='bbox 703 738 705 744; x_wconf 69' lang='lat'><strong>,</strong></span> 
     </span>
    </p>

    <p class='ocr_par' dir='ltr' id='par_1_2' title="bbox 267 714 1416 870">
     <span class='ocr_line' id='line_1_4' title="bbox 267 714 1416 870; baseline -0.001 -18"><span class='ocrx_word' id='word_1_14' title='bbox 267 789 391 852; x_wconf 84' lang='lat' dir='ltr'><strong>Ebeuso</strong></span> <span class='ocrx_word' id='word_1_15' title='bbox 412 787 540 846; x_wconf 79' lang='lat' dir='ltr'><strong>Annales</strong></span> <span class='ocrx_word' id='word_1_16' title='bbox 561 783 692 848; x_wconf 74' lang='lat' dir='ltr'><strong>Laertes.</strong></span> <span class='ocrx_word' id='word_1_17' title='bbox 714 787 826 858; x_wconf 72' lang='lat' dir='ltr'><strong>minor„</strong></span> <span class='ocrx_word' id='word_1_18' title='bbox 847 809 879 870; x_wconf 89' lang='lat' dir='ltr'><strong>p.</strong></span> <span class='ocrx_word' id='word_1_19' title='bbox 897 787 968 850; x_wconf 79' lang='lat'><strong>117.</strong></span> <span class='ocrx_word' id='word_1_20' title='bbox 1005 714 1040 848; x_wconf 82' lang='lat' dir='ltr'><strong>lia</strong></span> <span class='ocrx_word' id='word_1_21' title='bbox 1062 786 1143 848; x_wconf 87' lang='lat' dir='ltr'><strong>allen</strong></span> <span class='ocrx_word' id='word_1_22' title='bbox 1165 784 1270 850; x_wconf 81' lang='lat' dir='ltr'><strong>diesen</strong></span> <span class='ocrx_word' id='word_1_23' title='bbox 1291 787 1416 852; x_wconf 83' lang='lat' dir='ltr'><strong>Stel·</strong></span> 
     </span>
    </p>

    <p class='ocr_par' dir='ltr' id='par_1_3' title="bbox 114 865 1416 1256">
     <span class='ocr_line' id='line_1_5' title="bbox 114 865 1416 1002; baseline -0.002 -52"><span class='ocrx_word' id='word_1_24' title='bbox 114 869 120 883; x_wconf 52' lang='lat'>⁸</span> <span class='ocrx_word' id='word_1_25' title='bbox 204 891 207 902; x_wconf 90' lang='lat'>&#39;</span> <span class='ocrx_word' id='word_1_26' title='bbox 266 889 318 952; x_wconf 86' lang='lat' dir='ltr'><strong>len</strong></span> <span class='ocrx_word' id='word_1_27' title='bbox 339 889 380 950; x_wconf 89' lang='lat' dir='ltr'><strong>ist</strong></span> <span class='ocrx_word' id='word_1_28' title='bbox 397 889 483 967; x_wconf 89' lang='lat' dir='ltr'><strong>aber,</strong></span> <span class='ocrx_word' id='word_1_29' title='bbox 504 887 562 952; x_wconf 85' lang='lat' dir='ltr'><strong>wie</strong></span> <span class='ocrx_word' id='word_1_30' title='bbox 576 887 668 950; x_wconf 79' lang='lat' dir='ltr'><strong>Perta</strong></span> <span class='ocrx_word' id='word_1_31' title='bbox 682 887 836 959; x_wconf 60' lang='lat' dir='ltr'><strong>mmerkt,</strong></span> <span class='ocrx_word' id='word_1_32' title='bbox 858 889 934 967; x_wconf 81' lang='lat' dir='ltr'><strong>cepit</strong></span> <span class='ocrx_word' id='word_1_33' title='bbox 955 888 1091 968; x_wconf 63' lang='lat' dir='ltr'><strong>(coprem)</strong></span> <span class='ocrx_word' id='word_1_34' title='bbox 1112 887 1202 952; x_wconf 86' lang='lat' dir='ltr'><strong>nicht</strong></span> <span class='ocrx_word' id='word_1_35' title='bbox 1222 909 1285 948; x_wconf 78' lang='grc' dir='ltr'><strong>οιιιιι</strong></span> <span class='ocrx_word' id='word_1_36' title='bbox 1296 865 1416 1002; x_wconf 78' lang='lat' dir='ltr'><strong>fro.</strong></span> 
     </span>
     <span class='ocr_line' id='line_1_6' title="bbox 265 966 1373 1060; baseline 0.006 -12"><span class='ocrx_word' id='word_1_37' title='bbox 265 999 315 1049; x_wconf 82' lang='lat' dir='ltr'><strong>tre</strong></span> <span class='ocrx_word' id='word_1_38' title='bbox 336 981 515 1050; x_wconf 79' lang='lat' dir='ltr'><strong>Kurlmumo</strong></span> <span class='ocrx_word' id='word_1_39' title='bbox 541 966 579 1050; x_wconf 84' lang='grc' dir='ltr'><strong>ιιι</strong></span> <span class='ocrx_word' id='word_1_40' title='bbox 602 989 793 1060; x_wconf 84' lang='lat' dir='ltr'><strong>verbiaden,</strong></span> <span class='ocrx_word' id='word_1_41' title='bbox 811 989 957 1051; x_wconf 88' lang='lat' dir='ltr'><strong>sondern</strong></span> <span class='ocrx_word' id='word_1_42' title='bbox 980 989 1108 1052; x_wconf 80' lang='lat' dir='ltr'><strong>letstcre</strong></span> <span class='ocrx_word' id='word_1_43' title='bbox 1128 987 1198 1052; x_wconf 83' lang='lat' dir='ltr'><strong>siud</strong></span> <span class='ocrx_word' id='word_1_44' title='bbox 1219 1012 1279 1054; x_wconf 90' lang='lat' dir='ltr'><strong>uur</strong></span> <span class='ocrx_word' id='word_1_45' title='bbox 1297 993 1373 1054; x_wconf 86' lang='lat' dir='ltr'><strong>hin-</strong></span> 
     </span>
     <span class='ocr_line' id='line_1_7' title="bbox 266 1088 1372 1216; baseline 0.003 -64"><span class='ocrx_word' id='word_1_46' title='bbox 266 1091 429 1174; x_wconf 79' lang='lat' dir='ltr'><strong>rugefiigt,</strong></span> <span class='ocrx_word' id='word_1_47' title='bbox 459 1110 515 1153; x_wconf 86' lang='lat' dir='ltr'><strong>um</strong></span> <span class='ocrx_word' id='word_1_48' title='bbox 540 1088 591 1154; x_wconf 87' lang='lat' dir='ltr'><strong>die</strong></span> <span class='ocrx_word' id='word_1_49' title='bbox 609 1089 921 1216; x_wconf 72' lang='lat' dir='ltr'><strong>gemeiuseboftliolse</strong></span> <span class='ocrx_word' id='word_1_50' title='bbox 942 1091 1120 1174; x_wconf 81' lang='lat' dir='ltr'><strong>Regiorung</strong></span> <span class='ocrx_word' id='word_1_51' title='bbox 1139 1089 1251 1154; x_wconf 85' lang='lat' dir='ltr'><strong>bsider</strong></span> <span class='ocrx_word' id='word_1_52' title='bbox 1276 1115 1372 1156; x_wconf 80' lang='lat' dir='ltr'><strong>enau-</strong></span> 
     </span>
     <span class='ocr_line' id='line_1_8' title="bbox 267 1191 402 1292; baseline -0.018 -37"><span class='ocrx_word' id='word_1_53' title='bbox 267 1191 402 1292; x_wconf 80' lang='lat' dir='ltr'><strong>deuter.</strong></span> 
     </span>
    </p>

    <p class='ocr_par' dir='ltr' id='par_1_4' title="bbox 264 1288 1369 1574">
     <span class='ocr_line' id='line_1_9' title="bbox 348 1288 1369 1371; baseline -0.002 -17"><span class='ocrx_word' id='word_1_54' title='bbox 348 1293 409 1354; x_wconf 89' lang='lat' dir='ltr'><strong>Die</strong></span> <span class='ocrx_word' id='word_1_55' title='bbox 421 1288 613 1371; x_wconf 86' lang='lat' dir='ltr'><strong>Hauptstelle</strong></span> <span class='ocrx_word' id='word_1_56' title='bbox 635 1289 715 1352; x_wconf 73' lang='lat' dir='ltr'><strong>iiber</strong></span> <span class='ocrx_word' id='word_1_57' title='bbox 728 1291 854 1354; x_wconf 88' lang='lat' dir='ltr'><strong>Hunold</strong></span> <span class='ocrx_word' id='word_1_58' title='bbox 867 1291 979 1354; x_wconf 89' lang='lat' dir='ltr'><strong>steht</strong></span> <span class='ocrx_word' id='word_1_59' title='bbox 970 1314 1001 1352; x_wconf 87' lang='grc' dir='ltr'><strong>ιιι</strong></span> <span class='ocrx_word' id='word_1_60' title='bbox 1017 1291 1075 1354; x_wconf 90' lang='lat' dir='ltr'><strong>der</strong></span> <span class='ocrx_word' id='word_1_61' title='bbox 1094 1289 1163 1352; x_wconf 76' lang='lat' dir='ltr'><strong>Visa</strong></span> <span class='ocrx_word' id='word_1_62' title='bbox 1175 1289 1229 1355; x_wconf 84' lang='lat' dir='ltr'><strong>SS.</strong></span> <span class='ocrx_word' id='word_1_63' title='bbox 1243 1291 1369 1352; x_wconf 74' lang='lat' dir='ltr'><strong>Baridu-</strong></span> 
     </span>
     <span class='ocr_line' id='line_1_10' title="bbox 264 1387 1369 1475; baseline -0.001 -23"><span class='ocrx_word' id='word_1_64' title='bbox 264 1395 304 1454; x_wconf 82' lang='lat' dir='ltr'><strong>rii</strong></span> <span class='ocrx_word' id='word_1_65' title='bbox 324 1401 355 1452; x_wconf 77' lang='lat' dir='ltr'><strong>et</strong></span> <span class='ocrx_word' id='word_1_66' title='bbox 375 1391 514 1452; x_wconf 64' lang='lat' dir='ltr'><strong>Aramis</strong></span> <span class='ocrx_word' id='word_1_67' title='bbox 534 1389 710 1466; x_wconf 68' lang='lat' dir='ltr'><strong>Martyrum,</strong></span> <span class='ocrx_word' id='word_1_68' title='bbox 732 1391 784 1454; x_wconf 88' lang='lat' dir='ltr'><strong>bei</strong></span> <span class='ocrx_word' id='word_1_69' title='bbox 804 1391 859 1452; x_wconf 84' lang='lat' dir='ltr'><strong>Du</strong></span> <span class='ocrx_word' id='word_1_70' title='bbox 882 1387 1038 1471; x_wconf 65' lang='lat' dir='ltr'><strong>Cieros,</strong></span> <span class='ocrx_word' id='word_1_71' title='bbox 1061 1395 1100 1464; x_wconf 86' lang='grc' dir='ltr'><strong>Π,</strong></span> <span class='ocrx_word' id='word_1_72' title='bbox 1121 1415 1152 1475; x_wconf 87' lang='lat' dir='ltr'><strong>p.</strong></span> <span class='ocrx_word' id='word_1_73' title='bbox 1171 1394 1242 1456; x_wconf 75' lang='lat'><strong>186.</strong></span> <span class='ocrx_word' id='word_1_74' title='bbox 1272 1387 1369 1452; x_wconf 84' lang='lat' dir='ltr'><strong>Boe.</strong></span> 
     </span>
     <span class='ocr_line' id='line_1_11' title="bbox 266 1493 1092 1574; baseline 0.001 -22"><span class='ocrx_word' id='word_1_75' title='bbox 266 1493 586 1574; x_wconf 78' lang='lat' dir='ltr'><strong>quet,V,.=pttt</strong></span> <span class='ocrx_word' id='word_1_76' title='bbox 1088 1531 1092 1542; x_wconf 54' lang='grc' dir='ltr'><strong>ι</strong></span> 
     </span>
    </p>

    <p class='ocr_par' dir='ltr' id='par_1_5' title="bbox 305 1527 1369 1980">
     <span class='ocr_line' id='line_1_12' title="bbox 307 1527 1366 1678; baseline 0.003 -23"><span class='ocrx_word' id='word_1_77' title='bbox 307 1597 342 1655; x_wconf 89' lang='lat' dir='ltr'><strong>ln</strong></span> <span class='ocrx_word' id='word_1_78' title='bbox 365 1593 473 1656; x_wconf 81' lang='lat' dir='ltr'><strong>diebus</strong></span> <span class='ocrx_word' id='word_1_79' title='bbox 494 1593 619 1675; x_wconf 66' lang='lat' dir='ltr'><strong>pippini</strong></span> <span class='ocrx_word' id='word_1_80' title='bbox 641 1592 849 1677; x_wconf 51' lang='lat' dir='ltr'><strong>§otiosissimi</strong></span> <span class='ocrx_word' id='word_1_81' title='bbox 870 1527 1064 1656; x_wconf 66' lang='lat' dir='ltr'><strong>Francorum</strong></span> <span class='ocrx_word' id='word_1_82' title='bbox 1086 1595 1182 1677; x_wconf 79' lang='lat' dir='ltr'><strong>regis,</strong></span> <span class='ocrx_word' id='word_1_83' title='bbox 1210 1595 1264 1678; x_wconf 84' lang='lat' dir='ltr'><strong>qui</strong></span> <span class='ocrx_word' id='word_1_84' title='bbox 1284 1595 1366 1658; x_wconf 87' lang='lat' dir='ltr'><strong>ballo</strong></span> 
     </span>
     <span class='ocr_line' id='line_1_13' title="bbox 305 1691 1368 1778; baseline -0.001 -21"><span class='ocrx_word' id='word_1_85' title='bbox 305 1691 489 1776; x_wconf 79' lang='lat' dir='ltr'><strong>triumphali</strong></span> <span class='ocrx_word' id='word_1_86' title='bbox 517 1695 714 1776; x_wconf 75' lang='lat' dir='ltr'><strong>tyrannidem</strong></span> <span class='ocrx_word' id='word_1_87' title='bbox 744 1695 884 1758; x_wconf 83' lang='lat' dir='ltr'><strong>Haistolfi</strong></span> <span class='ocrx_word' id='word_1_88' title='bbox 912 1694 1189 1778; x_wconf 81' lang='lat' dir='ltr'><strong>Langobardorum</strong></span> <span class='ocrx_word' id='word_1_89' title='bbox 1213 1695 1368 1777; x_wconf 81' lang='lat' dir='ltr'><strong>Priueipis</strong></span> 
     </span>
     <span class='ocr_line' id='line_1_14' title="bbox 306 1794 1369 1881; baseline 0 -23"><span class='ocrx_word' id='word_1_90' title='bbox 306 1795 400 1858; x_wconf 89' lang='lat' dir='ltr'><strong>semel</strong></span> <span class='ocrx_word' id='word_1_91' title='bbox 427 1803 461 1856; x_wconf 89' lang='lat' dir='ltr'><strong>et</strong></span> <span class='ocrx_word' id='word_1_92' title='bbox 482 1794 619 1856; x_wconf 87' lang='lat' dir='ltr'><strong>secundo</strong></span> <span class='ocrx_word' id='word_1_93' title='bbox 641 1796 806 1868; x_wconf 84' lang='lat' dir='ltr'><strong>contrivit,</strong></span> <span class='ocrx_word' id='word_1_94' title='bbox 835 1797 945 1881; x_wconf 88' lang='lat' dir='ltr'><strong>bisque</strong></span> <span class='ocrx_word' id='word_1_95' title='bbox 966 1796 1082 1878; x_wconf 84' lang='lat' dir='ltr'><strong>Papam</strong></span> <span class='ocrx_word' id='word_1_96' title='bbox 1103 1797 1277 1858; x_wconf 83' lang='lat' dir='ltr'><strong>Romanum</strong></span> <span class='ocrx_word' id='word_1_97' title='bbox 1296 1795 1369 1858; x_wconf 89' lang='lat' dir='ltr'><strong>Ste-</strong></span> 
     </span>
     <span class='ocr_line' id='line_1_15' title="bbox 305 1895 1368 1980; baseline 0 -24"><span class='ocrx_word' id='word_1_98' title='bbox 305 1895 445 1976; x_wconf 86' lang='lat' dir='ltr'><strong>phanum</strong></span> <span class='ocrx_word' id='word_1_99' title='bbox 466 1896 504 1956; x_wconf 89' lang='lat' dir='ltr'><strong>ab</strong></span> <span class='ocrx_word' id='word_1_100' title='bbox 529 1895 592 1956; x_wconf 82' lang='lat' dir='ltr'><strong>eius</strong></span> <span class='ocrx_word' id='word_1_101' title='bbox 615 1897 814 1979; x_wconf 72' lang='lat' dir='ltr'><strong>oppressione</strong></span> <span class='ocrx_word' id='word_1_102' title='bbox 835 1897 970 1960; x_wconf 88' lang='lat' dir='ltr'><strong>violenta</strong></span> <span class='ocrx_word' id='word_1_103' title='bbox 990 1895 1143 1980; x_wconf 83' lang='lat' dir='ltr'><strong>liberavit,</strong></span> <span class='ocrx_word' id='word_1_104' title='bbox 1166 1895 1279 1956; x_wconf 81' lang='lat' dir='ltr'><strong>claruit</strong></span> <span class='ocrx_word' id='word_1_105' title='bbox 1298 1895 1368 1978; x_wconf 87' lang='lat' dir='ltr'><strong>qui-</strong></span> 
     </span>
    </p>

    <p class='ocr_par' dir='ltr' id='par_1_6' title="bbox 105 1995 1416 2682">
     <span class='ocr_line' id='line_1_16' title="bbox 105 1995 1366 2086; baseline -0.003 -26"><span class='ocrx_word' id='word_1_106' title='bbox 105 2063 112 2075; x_wconf 44' lang='lat'><strong>„</strong></span> <span class='ocrx_word' id='word_1_107' title='bbox 224 2059 228 2086; x_wconf 57' lang='lat'>„</span> <span class='ocrx_word' id='word_1_108' title='bbox 305 1995 378 2080; x_wconf 84' lang='lat' dir='ltr'><strong>dam</strong></span> <span class='ocrx_word' id='word_1_109' title='bbox 404 1995 566 2060; x_wconf 87' lang='lat' dir='ltr'><strong>laudabilis</strong></span> <span class='ocrx_word' id='word_1_110' title='bbox 594 1995 674 2070; x_wconf 77' lang='lat' dir='ltr'><strong>vitae</strong></span> <span class='ocrx_word' id='word_1_111' title='bbox 697 1997 865 2070; x_wconf 78' lang='lat' dir='ltr'><strong>Sacerdos,</strong></span> <span class='ocrx_word' id='word_1_112' title='bbox 895 1997 1020 2063; x_wconf 85' lang='lat' dir='ltr'><strong>nomine</strong></span> <span class='ocrx_word' id='word_1_113' title='bbox 1040 1996 1238 2074; x_wconf 86' lang='lat' dir='ltr'><strong>Bertharius,</strong></span> <span class='ocrx_word' id='word_1_114' title='bbox 1265 1996 1366 2076; x_wconf 76' lang='lat' dir='ltr'><strong>stirpis</strong></span> 
     </span>
     <span class='ocr_line' id='line_1_17' title="bbox 288 2096 1383 2180; baseline -0.003 -19"><span class='ocrx_word' id='word_1_115' title='bbox 288 2097 426 2180; x_wconf 79' lang='lat' dir='ltr'><strong>origine</strong></span> <span class='ocrx_word' id='word_1_116' title='bbox 447 2115 482 2156; x_wconf 86' lang='lat' dir='ltr'><strong>er</strong></span> <span class='ocrx_word' id='word_1_117' title='bbox 503 2104 638 2178; x_wconf 83' lang='lat' dir='ltr'><strong>utroque</strong></span> <span class='ocrx_word' id='word_1_118' title='bbox 658 2108 789 2178; x_wconf 87' lang='lat' dir='ltr'><strong>perante</strong></span> <span class='ocrx_word' id='word_1_119' title='bbox 806 2098 985 2180; x_wconf 78' lang='lat' dir='ltr'><strong>Aquitanos.</strong></span> <span class='ocrx_word' id='word_1_120' title='bbox 1029 2098 1088 2160; x_wconf 84' lang='lat' dir='ltr'><strong>Hic</strong></span> <span class='ocrx_word' id='word_1_121' title='bbox 1108 2096 1195 2158; x_wconf 90' lang='lat' dir='ltr'><strong>cuius</strong></span> <span class='ocrx_word' id='word_1_122' title='bbox 1217 2097 1321 2159; x_wconf 84' lang='lat' dir='ltr'><strong>meriti</strong></span> <span class='ocrx_word' id='word_1_123' title='bbox 1335 2106 1383 2158; x_wconf 84' lang='lat' dir='ltr'><strong>et&#39;</strong></span> 
     </span>
     <span class='ocr_line' id='line_1_18' title="bbox 297 2194 1367 2282; baseline 0 -24"><span class='ocrx_word' id='word_1_124' title='bbox 297 2195 474 2258; x_wconf 88' lang='lat' dir='ltr'><strong>·saoctitetis</strong></span> <span class='ocrx_word' id='word_1_125' title='bbox 494 2194 601 2265; x_wconf 80' lang='lat' dir='ltr'><strong>fuerit,</strong></span> <span class='ocrx_word' id='word_1_126' title='bbox 622 2196 737 2278; x_wconf 83' lang='lat' dir='ltr'><strong>probet</strong></span> <span class='ocrx_word' id='word_1_127' title='bbox 749 2197 944 2260; x_wconf 79' lang='lat' dir='ltr'><strong>conversatio</strong></span> <span class='ocrx_word' id='word_1_128' title='bbox 960 2209 1078 2269; x_wconf 70' lang='lat' dir='ltr'><strong>sauma,</strong></span> <span class='ocrx_word' id='word_1_129' title='bbox 1097 2217 1159 2282; x_wconf 77' lang='lat' dir='ltr'><strong>qua</strong></span> <span class='ocrx_word' id='word_1_130' title='bbox 1170 2195 1271 2258; x_wconf 85' lang='lat' dir='ltr'><strong>bonus</strong></span> <span class='ocrx_word' id='word_1_131' title='bbox 1286 2198 1367 2260; x_wconf 87' lang='lat' dir='ltr'><strong>iuter</strong></span> 
     </span>
     <span class='ocr_line' id='line_1_19' title="bbox 303 2294 1368 2381; baseline 0 -22"><span class='ocrx_word' id='word_1_132' title='bbox 303 2297 400 2359; x_wconf 87' lang='lat' dir='ltr'><strong>malos</strong></span> <span class='ocrx_word' id='word_1_133' title='bbox 415 2294 555 2372; x_wconf 58' lang='lat' dir='ltr'><strong>,emicuit</strong></span> <span class='ocrx_word' id='word_1_134' title='bbox 577 2339 649 2357; x_wconf 90' lang='grc'><strong>.....</strong></span> <span class='ocrx_word' id='word_1_135' title='bbox 693 2295 745 2358; x_wconf 90' lang='lat' dir='ltr'><strong>Sic</strong></span> <span class='ocrx_word' id='word_1_136' title='bbox 764 2297 839 2360; x_wconf 86' lang='lat' dir='ltr'><strong>vixit</strong></span> <span class='ocrx_word' id='word_1_137' title='bbox 860 2299 891 2360; x_wconf 89' lang='lat' dir='ltr'><strong>in</strong></span> <span class='ocrx_word' id='word_1_138' title='bbox 914 2301 1059 2363; x_wconf 85' lang='lat' dir='ltr'><strong>Waifarii</strong></span> <span class='ocrx_word' id='word_1_139' title='bbox 1080 2297 1174 2359; x_wconf 89' lang='lat' dir='ltr'><strong>Ducis</strong></span> <span class='ocrx_word' id='word_1_140' title='bbox 1196 2299 1368 2381; x_wconf 81' lang='lat' dir='ltr'><strong>Aquitano-</strong></span> 
     </span>
     <span class='ocr_line' id='line_1_20' title="bbox 301 2383 1368 2482; baseline 0 -22"><span class='ocrx_word' id='word_1_141' title='bbox 301 2419 373 2462; x_wconf 89' lang='lat' dir='ltr'><strong>rum</strong></span> <span class='ocrx_word' id='word_1_142' title='bbox 400 2393 533 2458; x_wconf 80' lang='lat' dir='ltr'><strong>nefanda</strong></span> <span class='ocrx_word' id='word_1_143' title='bbox 555 2386 667 2474; x_wconf 87' lang='lat' dir='ltr'><strong>domo,</strong></span> <span class='ocrx_word' id='word_1_144' title='bbox 690 2383 855 2482; x_wconf 29' lang='lat' dir='ltr'><strong>*tamqnam</strong></span> <span class='ocrx_word' id='word_1_145' title='bbox 876 2422 973 2462; x_wconf 88' lang='lat' dir='ltr'><strong>novus</strong></span> <span class='ocrx_word' id='word_1_146' title='bbox 995 2399 1077 2462; x_wconf 84' lang='lat' dir='ltr'><strong>Loth</strong></span> <span class='ocrx_word' id='word_1_147' title='bbox 1104 2399 1137 2460; x_wconf 88' lang='lat' dir='ltr'><strong>iu</strong></span> <span class='ocrx_word' id='word_1_148' title='bbox 1159 2397 1368 2460; x_wconf 85' lang='lat' dir='ltr'><strong>Sodomorum</strong></span> 
     </span>
     <span class='ocr_line' id='line_1_21' title="bbox 301 2490 1416 2583; baseline -0.004 -19"><span class='ocrx_word' id='word_1_149' title='bbox 301 2497 405 2565; x_wconf 86' lang='lat' dir='ltr'><strong>medio</strong></span> <span class='ocrx_word' id='word_1_150' title='bbox 427 2539 512 2560; x_wconf 85' lang='grc'><strong>......</strong></span> <span class='ocrx_word' id='word_1_151' title='bbox 556 2497 666 2560; x_wconf 80' lang='lat' dir='ltr'><strong>Paucis</strong></span> <span class='ocrx_word' id='word_1_152' title='bbox 688 2490 912 2578; x_wconf 79' lang='lat' dir='ltr'><strong>potilicaudum</strong></span> <span class='ocrx_word' id='word_1_153' title='bbox 932 2501 1074 2576; x_wconf 80' lang='lat' dir='ltr'><strong>videtur,</strong></span> <span class='ocrx_word' id='word_1_154' title='bbox 1097 2499 1173 2583; x_wconf 29' lang='lat' dir='ltr'><strong>quis,</strong></span> <span class='ocrx_word' id='word_1_155' title='bbox 1185 2497 1279 2560; x_wconf 88' lang='lat' dir='ltr'><strong>fuerit</strong></span> <span class='ocrx_word' id='word_1_156' title='bbox 1299 2497 1368 2582; x_wconf 91' lang='lat' dir='ltr'><strong>ipse</strong></span> <span class='ocrx_word' id='word_1_157' title='bbox 1415 2549 1416 2574; x_wconf 33' lang='grc' dir='ltr'><strong>ι</strong></span> 
     </span>
     <span class='ocr_line' id='line_1_22' title="bbox 300 2587 1416 2682; baseline 0.002 -21"><span class='ocrx_word' id='word_1_158' title='bbox 300 2587 488 2668; x_wconf 78' lang='lat' dir='ltr'><strong>Weiiarius,</strong></span> <span class='ocrx_word' id='word_1_159' title='bbox 518 2606 554 2660; x_wconf 91' lang='lat' dir='ltr'><strong>ut</strong></span> <span class='ocrx_word' id='word_1_160' title='bbox 582 2597 675 2662; x_wconf 73' lang='lat' dir='ltr'><strong>huius</strong></span> <span class='ocrx_word' id='word_1_161' title='bbox 701 2599 800 2662; x_wconf 86' lang='lat' dir='ltr'><strong>sancti</strong></span> <span class='ocrx_word' id='word_1_162' title='bbox 822 2600 1003 2681; x_wconf 84' lang='lat' dir='ltr'><strong>patientiam</strong></span> <span class='ocrx_word' id='word_1_163' title='bbox 1024 2600 1145 2681; x_wconf 88' lang='lat' dir='ltr'><strong>plenius</strong></span> <span class='ocrx_word' id='word_1_164' title='bbox 1166 2598 1365 2663; x_wconf 87' lang='lat' dir='ltr'><strong>admiremur.</strong></span> <span class='ocrx_word' id='word_1_165' title='bbox 1415 2587 1416 2682; x_wconf 71' lang='lat' dir='ltr'><strong>l</strong></span> 
     </span>
    </p>

    <p class='ocr_par' dir='ltr' id='par_1_7' title="bbox 132 2697 1416 4404">
     <span class='ocr_line' id='line_1_23' title="bbox 132 2697 1416 2783; baseline 0.001 -21"><span class='ocrx_word' id='word_1_166' title='bbox 132 2707 135 2714; x_wconf 90' lang='lat'>&#39;</span> <span class='ocrx_word' id='word_1_167' title='bbox 172 2767 180 2777; x_wconf 60' lang='lat'><strong>,</strong></span> <span class='ocrx_word' id='word_1_168' title='bbox 302 2702 416 2782; x_wconf 82' lang='lat' dir='ltr'><strong>Erupit</strong></span> <span class='ocrx_word' id='word_1_169' title='bbox 437 2699 524 2761; x_wconf 83' lang='lat' dir='ltr'><strong>enim·</strong></span> <span class='ocrx_word' id='word_1_170' title='bbox 541 2699 693 2779; x_wconf 78' lang='lat' dir='ltr'><strong>malignus</strong></span> <span class='ocrx_word' id='word_1_171' title='bbox 712 2697 756 2760; x_wconf 82' lang='lat' dir='ltr'><strong>ds</strong></span> <span class='ocrx_word' id='word_1_172' title='bbox 773 2699 924 2782; x_wconf 84' lang='lat' dir='ltr'><strong>malignis,</strong></span> <span class='ocrx_word' id='word_1_173' title='bbox 944 2699 1035 2782; x_wconf 91' lang='lat' dir='ltr'><strong>peior</strong></span> <span class='ocrx_word' id='word_1_174' title='bbox 1054 2699 1103 2762; x_wconf 86' lang='lat' dir='ltr'><strong>de·</strong></span> <span class='ocrx_word' id='word_1_175' title='bbox 1117 2699 1264 2783; x_wconf 84' lang='lat' dir='ltr'><strong>pessimis,</strong></span> <span class='ocrx_word' id='word_1_176' title='bbox 1285 2701 1365 2762; x_wconf 88' lang='lat' dir='ltr'><strong>filius</strong></span> <span class='ocrx_word' id='word_1_177' title='bbox 1415 2699 1416 2744; x_wconf 59' lang='grc' dir='ltr'>ἶ</span> 
     </span>
     <span class='ocr_line' id='line_1_24' title="bbox 239 2797 1416 2884; baseline 0.003 -23"><span class='ocrx_word' id='word_1_178' title='bbox 239 2871 247 2880; x_wconf 22' lang='lat' dir='ltr'><strong><em>j</em></strong></span> <span class='ocrx_word' id='word_1_179' title='bbox 301 2800 438 2861; x_wconf 80' lang='lat' dir='ltr'><strong>Hnoaldi</strong></span> <span class='ocrx_word' id='word_1_180' title='bbox 451 2797 557 2867; x_wconf 85' lang='lat' dir='ltr'><strong>Ducis,</strong></span> <span class='ocrx_word' id='word_1_181' title='bbox 580 2797 659 2882; x_wconf 82' lang='lat' dir='ltr'><strong>illius¹</strong></span> <span class='ocrx_word' id='word_1_182' title='bbox 682 2798 837 2872; x_wconf 75' lang='lat' dir='ltr'><strong>videlicet,</strong></span> <span class='ocrx_word' id='word_1_183' title='bbox 860 2801 914 2884; x_wconf 90' lang='lat' dir='ltr'><strong>qui</strong></span> <span class='ocrx_word' id='word_1_184' title='bbox 935 2803 1051 2864; x_wconf 87' lang='lat' dir='ltr'><strong>crebro·</strong></span> <span class='ocrx_word' id='word_1_185' title='bbox 1066 2807 1181 2863; x_wconf 62' lang='lat' dir='ltr'><strong>&#39;contra</strong></span> <span class='ocrx_word' id='word_1_186' title='bbox 1203 2797 1364 2864; x_wconf 85' lang='lat' dir='ltr'><strong>dominum</strong></span> <span class='ocrx_word' id='word_1_187' title='bbox 1415 2869 1416 2882; x_wconf 11' lang='grc' dir='ltr'>χ</span> 
     </span>
     <span class='ocr_line' id='line_1_25' title="bbox 301 2892 1367 2988; baseline 0.002 -26"><span class='ocrx_word' id='word_1_188' title='bbox 301 2923 389 2962; x_wconf 89' lang='lat' dir='ltr'><strong>suum</strong></span> <span class='ocrx_word' id='word_1_189' title='bbox 417 2892 614 2982; x_wconf 80' lang='lat' dir='ltr'><strong>praedicturi</strong></span> <span class='ocrx_word' id='word_1_190' title='bbox 634 2897 808 2983; x_wconf 85' lang='lat' dir='ltr'><strong>&#39;Pippinum</strong></span> <span class='ocrx_word' id='word_1_191' title='bbox 835 2901 952 2988; x_wconf 81' lang='lat' dir='ltr'><strong>Regem</strong></span> <span class='ocrx_word' id='word_1_192' title='bbox 978 2897 1154 2980; x_wconf 78' lang='lat' dir='ltr'><strong>rebellavit,</strong></span> <span class='ocrx_word' id='word_1_193' title='bbox 1189 2899 1367 2986; x_wconf 89' lang='lat' dir='ltr'><strong>crebroque</strong></span> 
     </span>
     <span class='ocr_line' id='line_1_26' title="bbox 301 2996 1367 3082; baseline 0.002 -18"><span class='ocrx_word' id='word_1_194' title='bbox 301 2999 425 3064; x_wconf 83' lang='lat' dir='ltr'><strong>defectu</strong></span> <span class='ocrx_word' id='word_1_195' title='bbox 447 2996 487 3062; x_wconf 87' lang='lat' dir='ltr'><strong>ad</strong></span> <span class='ocrx_word' id='word_1_196' title='bbox 509 2999 556 3062; x_wconf 87' lang='lat' dir='ltr'><strong>sui</strong></span> <span class='ocrx_word' id='word_1_197' title='bbox 577 2996 824 3082; x_wconf 80' lang='lat' dir='ltr'><strong>desperationem</strong></span> <span class='ocrx_word' id='word_1_198' title='bbox 846 3001 1019 3076; x_wconf 85' lang='lat' dir='ltr'><strong>adductus„</strong></span> <span class='ocrx_word' id='word_1_199' title='bbox 1035 3001 1097 3066; x_wconf 92' lang='lat' dir='ltr'><strong>hoc</strong></span> <span class='ocrx_word' id='word_1_200' title='bbox 1114 3001 1214 3065; x_wconf 85' lang='lat' dir='ltr'><strong>modo·</strong></span> <span class='ocrx_word' id='word_1_201' title='bbox 1230 3003 1367 3066; x_wconf 83' lang='lat' dir='ltr'><strong>malitiae</strong></span> 
     </span>
     <span class='ocr_line' id='line_1_27' title="bbox 270 3099 1368 3183; baseline 0.004 -21"><span class='ocrx_word' id='word_1_202' title='bbox 270 3155 272 3162; x_wconf 93' lang='lat'><em>.</em></span> <span class='ocrx_word' id='word_1_203' title='bbox 300 3123 373 3166; x_wconf 86' lang='lat' dir='ltr'><strong>suae</strong></span> <span class='ocrx_word' id='word_1_204' title='bbox 401 3121 541 3183; x_wconf 80' lang='lat' dir='ltr'><strong>congruo</strong></span> <span class='ocrx_word' id='word_1_205' title='bbox 570 3101 689 3172; x_wconf 86' lang='lat' dir='ltr'><strong>ordine¹</strong></span> <span class='ocrx_word' id='word_1_206' title='bbox 705 3099 835 3164; x_wconf 72' lang='lat' dir='ltr'><strong>effeetus</strong></span> <span class='ocrx_word' id='word_1_207' title='bbox 863 3112 910 3164; x_wconf 88' lang='lat' dir='ltr'><strong>est</strong></span> <span class='ocrx_word' id='word_1_208' title='bbox 935 3102 1115 3168; x_wconf 82' lang='lat' dir='ltr'><strong>Monachus.</strong></span> <span class='ocrx_word' id='word_1_209' title='bbox 1160 3103 1238 3166; x_wconf 90' lang='lat' dir='ltr'><strong>Cum</strong></span> <span class='ocrx_word' id='word_1_210' title='bbox 1267 3104 1368 3166; x_wconf 86' lang='lat' dir='ltr'><strong>filium</strong></span> 
     </span>
     <span class='ocr_line' id='line_1_28' title="bbox 297 3201 1369 3290; baseline 0.004 -25"><span class='ocrx_word' id='word_1_211' title='bbox 297 3215 387 3266; x_wconf 84' lang='lat' dir='ltr'><strong>snum</strong></span> <span class='ocrx_word' id='word_1_212' title='bbox 408 3201 744 3264; x_wconf 64' lang='lat' dir='ltr'><strong>waifariumvidtost</strong></span> <span class='ocrx_word' id='word_1_213' title='bbox 764 3219 942 3266; x_wconf 81' lang='lat' dir='ltr'><strong>excrescere</strong></span> <span class='ocrx_word' id='word_1_214' title='bbox 964 3205 1104 3286; x_wconf 79' lang='lat' dir='ltr'><strong>eorporis</strong></span> <span class='ocrx_word' id='word_1_215' title='bbox 1127 3205 1313 3290; x_wconf 71' lang='lat' dir='ltr'><strong>enomimte</strong></span> <span class='ocrx_word' id='word_1_216' title='bbox 1335 3217 1369 3269; x_wconf 90' lang='lat' dir='ltr'><strong>et</strong></span> 
     </span>
     <span class='ocr_line' id='line_1_29' title="bbox 298 3302 1368 3390; baseline 0.004 -24"><span class='ocrx_word' id='word_1_217' title='bbox 298 3305 415 3366; x_wconf 75' lang='lat' dir='ltr'><strong>virium</strong></span> <span class='ocrx_word' id='word_1_218' title='bbox 433 3303 621 3380; x_wconf 61' lang='lat' dir='ltr'><strong>valetudine,</strong></span> <span class='ocrx_word' id='word_1_219' title='bbox 644 3302 913 3386; x_wconf 81' lang='lat' dir='ltr'><strong>consiliorumque·</strong></span> <span class='ocrx_word' id='word_1_220' title='bbox 927 3305 1085 3373; x_wconf 82' lang='lat' dir='ltr'><strong>subtilium</strong></span> <span class='ocrx_word' id='word_1_221' title='bbox 1099 3305 1243 3368; x_wconf 82' lang='lat' dir='ltr'><strong>acumine</strong></span> <span class='ocrx_word' id='word_1_222' title='bbox 1256 3318 1368 3390; x_wconf 79' lang='lat' dir='ltr'><strong>paten-</strong></span> 
     </span>
     <span class='ocr_line' id='line_1_30' title="bbox 280 3389 1368 3494; baseline 0.007 -33"><span class='ocrx_word' id='word_1_223' title='bbox 280 3399 352 3492; x_wconf 64' lang='lat' dir='ltr'><strong>&#39;&#39;n&#39;as</strong></span> <span class='ocrx_word' id='word_1_224' title='bbox 374 3401 454 3464; x_wconf 82' lang='lat' dir='ltr'><strong>artes</strong></span> <span class='ocrx_word' id='word_1_225' title='bbox 477 3403 517 3465; x_wconf 88' lang='lat' dir='ltr'><strong>ad</strong></span> <span class='ocrx_word' id='word_1_226' title='bbox 539 3389 680 3488; x_wconf 85' lang='lat' dir='ltr'><strong>quaeque</strong></span> <span class='ocrx_word' id='word_1_227' title='bbox 701 3403 910 3486; x_wconf 87' lang='lat' dir='ltr'><strong>pervertenda</strong></span> <span class='ocrx_word' id='word_1_228' title='bbox 931 3405 1169 3478; x_wconf 87' lang='lat' dir='ltr'><strong>transcendere,</strong></span> <span class='ocrx_word' id='word_1_229' title='bbox 1190 3405 1273 3492; x_wconf 86' lang='lat' dir='ltr'><strong>mala</strong></span> <span class='ocrx_word' id='word_1_230' title='bbox 1295 3409 1368 3494; x_wconf 88' lang='lat' dir='ltr'><strong>qui-</strong></span> 
     </span>
     <span class='ocr_line' id='line_1_31' title="bbox 300 3499 1368 3590; baseline 0.008 -27"><span class='ocrx_word' id='word_1_231' title='bbox 300 3501 371 3564; x_wconf 90' lang='lat' dir='ltr'><strong>dem</strong></span> <span class='ocrx_word' id='word_1_232' title='bbox 396 3501 434 3564; x_wconf 90' lang='lat' dir='ltr'><strong>de</strong></span> <span class='ocrx_word' id='word_1_233' title='bbox 461 3525 492 3566; x_wconf 91' lang='lat' dir='ltr'><strong>se</strong></span> <span class='ocrx_word' id='word_1_234' title='bbox 520 3505 630 3566; x_wconf 83' lang='lat' dir='ltr'><strong>contra</strong></span> <span class='ocrx_word' id='word_1_235' title='bbox 651 3499 769 3585; x_wconf 81' lang='lat' dir='ltr'><strong>Regem</strong></span> <span class='ocrx_word' id='word_1_236' title='bbox 796 3525 1055 3588; x_wconf 82' lang='lat' dir='ltr'><strong>commemorans,</strong></span> <span class='ocrx_word' id='word_1_237' title='bbox 1086 3507 1299 3590; x_wconf 74' lang='lat' dir='ltr'><strong>peiora&#39;vero</strong></span> <span class='ocrx_word' id='word_1_238' title='bbox 1327 3509 1368 3572; x_wconf 91' lang='lat' dir='ltr'><strong>de</strong></span> 
     </span>
     <span class='ocr_line' id='line_1_32' title="bbox 289 3605 1416 3695; baseline 0.011 -33"><span class='ocrx_word' id='word_1_239' title='bbox 289 3624 474 3680; x_wconf 80' lang='lat' dir='ltr'><strong>,successore</strong></span> <span class='ocrx_word' id='word_1_240' title='bbox 496 3605 560 3666; x_wconf 86' lang='lat' dir='ltr'><strong>filio</strong></span> <span class='ocrx_word' id='word_1_241' title='bbox 582 3606 678 3667; x_wconf 86' lang='lat' dir='ltr'><strong>laetus</strong></span> <span class='ocrx_word' id='word_1_242' title='bbox 701 3605 871 3668; x_wconf 79' lang='lat' dir='ltr'><strong>existimans</strong></span> <span class='ocrx_word' id='word_1_243' title='bbox 894 3606 943 3682; x_wconf 87' lang='lat' dir='ltr'><strong>(ad</strong></span> <span class='ocrx_word' id='word_1_244' title='bbox 966 3609 1229 3690; x_wconf 81' lang='lat' dir='ltr'><strong>comparationem</strong></span> <span class='ocrx_word' id='word_1_245' title='bbox 1246 3611 1368 3695; x_wconf 88' lang='lat' dir='ltr'><strong>quippe</strong></span> <span class='ocrx_word' id='word_1_246' title='bbox 1415 3655 1416 3660; x_wconf 22' lang='grc' dir='ltr'><strong><em>κ</em></strong></span> 
     </span>
     <span class='ocr_line' id='line_1_33' title="bbox 298 3703 1416 3788; baseline 0.007 -24"><span class='ocrx_word' id='word_1_247' title='bbox 298 3703 427 3766; x_wconf 85' lang='lat' dir='ltr'><strong>astutiae</strong></span> <span class='ocrx_word' id='word_1_248' title='bbox 450 3714 501 3766; x_wconf 89' lang='lat' dir='ltr'><strong>et</strong></span> <span class='ocrx_word' id='word_1_249' title='bbox 497 3705 693 3768; x_wconf 83' lang='lat' dir='ltr'><strong>fortitudinis</strong></span> <span class='ocrx_word' id='word_1_250' title='bbox 713 3705 770 3766; x_wconf 84' lang='lat' dir='ltr'><strong>filii</strong></span> <span class='ocrx_word' id='word_1_251' title='bbox 790 3728 844 3774; x_wconf 86' lang='lat' dir='ltr'><strong>sua</strong></span> <span class='ocrx_word' id='word_1_252' title='bbox 864 3727 924 3788; x_wconf 88' lang='lat' dir='ltr'><strong>pro</strong></span> <span class='ocrx_word' id='word_1_253' title='bbox 946 3708 1043 3770; x_wconf 86' lang='lat' dir='ltr'><strong>nihile</strong></span> <span class='ocrx_word' id='word_1_254' title='bbox 1055 3707 1171 3772; x_wconf 86' lang='lat' dir='ltr'><strong>ducens</strong></span> <span class='ocrx_word' id='word_1_255' title='bbox 1187 3713 1366 3788; x_wconf 85' lang='lat' dir='ltr'><strong>conamina)</strong></span> <span class='ocrx_word' id='word_1_256' title='bbox 1415 3717 1416 3738; x_wconf 74' lang='lat'>¹</span> 
     </span>
     <span class='ocr_line' id='line_1_34' title="bbox 178 3801 1416 3892; baseline 0.004 -27"><span class='ocrx_word' id='word_1_257' title='bbox 178 3853 187 3872; x_wconf 84' lang='lat'><strong>.</strong></span> <span class='ocrx_word' id='word_1_258' title='bbox 297 3801 393 3885; x_wconf 89' lang='lat' dir='ltr'><strong>elegit</strong></span> <span class='ocrx_word' id='word_1_259' title='bbox 420 3801 464 3864; x_wconf 91' lang='lat' dir='ltr'><strong>illi</strong></span> <span class='ocrx_word' id='word_1_260' title='bbox 485 3806 637 3868; x_wconf 79' lang='lat' dir='ltr'><strong>facultatis</strong></span> <span class='ocrx_word' id='word_1_261' title='bbox 657 3805 791 3867; x_wconf 82' lang='lat' dir='ltr'><strong>liberae</strong></span> <span class='ocrx_word' id='word_1_262' title='bbox 797 3807 904 3867; x_wconf 84' lang='lat' dir='ltr'><strong>laxare</strong></span> <span class='ocrx_word' id='word_1_263' title='bbox 918 3808 1023 3888; x_wconf 81' lang='lat' dir='ltr'><strong>frena,</strong></span> <span class='ocrx_word' id='word_1_264' title='bbox 1056 3819 1091 3870; x_wconf 87' lang='lat' dir='ltr'><strong>ut</strong></span> <span class='ocrx_word' id='word_1_265' title='bbox 1116 3811 1181 3892; x_wconf 87' lang='lat' dir='ltr'><strong>ipse</strong></span> <span class='ocrx_word' id='word_1_266' title='bbox 1203 3813 1366 3874; x_wconf 82' lang='lat' dir='ltr'><strong>Mona&#39;ste-</strong></span> <span class='ocrx_word' id='word_1_267' title='bbox 1415 3861 1416 3870; x_wconf 70' lang='grc'>,</span> 
     </span>
     <span class='ocr_line' id='line_1_35' title="bbox 296 3894 1416 3994; baseline 0.006 -26"><span class='ocrx_word' id='word_1_268' title='bbox 296 3909 345 3968; x_wconf 84' lang='lat' dir='ltr'><strong>rio</strong></span> <span class='ocrx_word' id='word_1_269' title='bbox 375 3904 487 3964; x_wconf 87' lang='lat' dir='ltr'><strong>lateret</strong></span> <span class='ocrx_word' id='word_1_270' title='bbox 513 3907 646 3981; x_wconf 89' lang='lat' dir='ltr'><strong>otiosus,</strong></span> <span class='ocrx_word' id='word_1_271' title='bbox 679 3915 711 3968; x_wconf 90' lang='lat' dir='ltr'><strong>et</strong></span> <span class='ocrx_word' id='word_1_272' title='bbox 738 3899 807 3968; x_wconf 90' lang='lat' dir='ltr'><strong>ille</strong></span> <span class='ocrx_word' id='word_1_273' title='bbox 818 3909 933 3990; x_wconf 83' lang='lat' dir='ltr'><strong>Regem</strong></span> <span class='ocrx_word' id='word_1_274' title='bbox 962 3894 1158 3994; x_wconf 72' lang='lat' dir='ltr'><strong>impignoret</strong></span> <span class='ocrx_word' id='word_1_275' title='bbox 1185 3910 1364 3974; x_wconf 87' lang='lat' dir='ltr'><strong>bellicosus.</strong></span> <span class='ocrx_word' id='word_1_276' title='bbox 1415 3915 1416 3984; x_wconf 69' lang='lat' dir='ltr'>J</span> 
     </span>
     <span class='ocr_line' id='line_1_36' title="bbox 294 4001 1365 4092; baseline 0.006 -24"><span class='ocrx_word' id='word_1_277' title='bbox 294 4005 390 4072; x_wconf 90' lang='lat' dir='ltr'><strong>Unde</strong></span> <span class='ocrx_word' id='word_1_278' title='bbox 416 4001 515 4066; x_wconf 88' lang='lat' dir='ltr'><strong>voluit</strong></span> <span class='ocrx_word' id='word_1_279' title='bbox 542 4028 612 4068; x_wconf 91' lang='lat' dir='ltr'><strong>eum</strong></span> <span class='ocrx_word' id='word_1_280' title='bbox 639 4009 681 4068; x_wconf 87' lang='lat' dir='ltr'><strong>ite</strong></span> <span class='ocrx_word' id='word_1_281' title='bbox 712 4005 770 4068; x_wconf 90' lang='lat' dir='ltr'><strong>sibi</strong></span> <span class='ocrx_word' id='word_1_282' title='bbox 798 4005 967 4070; x_wconf 87' lang='lat' dir='ltr'><strong>ducaminis</strong></span> <span class='ocrx_word' id='word_1_283' title='bbox 990 4009 1140 4074; x_wconf 89' lang='lat' dir='ltr'><strong>heredem</strong></span> <span class='ocrx_word' id='word_1_284' title='bbox 1161 4013 1365 4092; x_wconf 88' lang='lat' dir='ltr'><strong>substituere,</strong></span> 
     </span>
     <span class='ocr_line' id='line_1_37' title="bbox 295 4103 1416 4194; baseline 0 -20"><span class='ocrx_word' id='word_1_285' title='bbox 295 4118 331 4174; x_wconf 80' lang='lat' dir='ltr'><strong>ut</strong></span> <span class='ocrx_word' id='word_1_286' title='bbox 355 4107 455 4170; x_wconf 88' lang='lat' dir='ltr'><strong>nullus</strong></span> <span class='ocrx_word' id='word_1_287' title='bbox 478 4105 519 4168; x_wconf 91' lang='lat' dir='ltr'><strong>ob</strong></span> <span class='ocrx_word' id='word_1_288' title='bbox 541 4108 806 4192; x_wconf 81' lang='lat' dir='ltr'><strong>propinquitatem</strong></span> <span class='ocrx_word' id='word_1_289' title='bbox 825 4109 872 4170; x_wconf 88' lang='lat' dir='ltr'><strong>illi</strong></span> <span class='ocrx_word' id='word_1_290' title='bbox 892 4119 996 4194; x_wconf 90' lang='lat' dir='ltr'><strong>posset</strong></span> <span class='ocrx_word' id='word_1_291' title='bbox 1025 4111 1193 4175; x_wconf 86' lang='lat' dir='ltr'><strong>contraire.</strong></span> <span class='ocrx_word' id='word_1_292' title='bbox 1236 4113 1364 4176; x_wconf 87' lang='lat' dir='ltr'><strong>Idcirco</strong></span> <span class='ocrx_word' id='word_1_293' title='bbox 1415 4103 1416 4174; x_wconf 85' lang='lat' dir='ltr'><strong>l</strong></span> 
     </span>
     <span class='ocr_line' id='line_1_38' title="bbox 296 4207 1416 4290; baseline 0.004 -20"><span class='ocrx_word' id='word_1_294' title='bbox 296 4229 477 4290; x_wconf 85' lang='lat' dir='ltr'><strong>germanum</strong></span> <span class='ocrx_word' id='word_1_295' title='bbox 498 4229 587 4273; x_wconf 84' lang='lat' dir='ltr'><strong>suum</strong></span> <span class='ocrx_word' id='word_1_296' title='bbox 605 4207 772 4270; x_wconf 67' lang='lat' dir='ltr'><strong>aaronem</strong></span> <span class='ocrx_word' id='word_1_297' title='bbox 794 4207 834 4272; x_wconf 88' lang='lat' dir='ltr'><strong>ad</strong></span> <span class='ocrx_word' id='word_1_298' title='bbox 856 4232 888 4274; x_wconf 89' lang='lat' dir='ltr'><strong>se</strong></span> <span class='ocrx_word' id='word_1_299' title='bbox 909 4211 1019 4276; x_wconf 86' lang='lat' dir='ltr'><strong>callide</strong></span> <span class='ocrx_word' id='word_1_300' title='bbox 1041 4233 1229 4285; x_wconf 73' lang='lat' dir='ltr'><strong>convocans,</strong></span> <span class='ocrx_word' id='word_1_301' title='bbox 1251 4215 1364 4278; x_wconf 87' lang='lat' dir='ltr'><strong>oculos</strong></span> <span class='ocrx_word' id='word_1_302' title='bbox 1415 4207 1416 4212; x_wconf 61' lang='grc'>’</span> 
     </span>
     <span class='ocr_line' id='line_1_39' title="bbox 295 4306 1363 4395; baseline 0.007 -26"><span class='ocrx_word' id='word_1_303' title='bbox 295 4307 325 4369; x_wconf 90' lang='lat' dir='ltr'><strong>ei</strong></span> <span class='ocrx_word' id='word_1_304' title='bbox 345 4309 473 4383; x_wconf 84' lang='lat' dir='ltr'><strong>evulsit,</strong></span> <span class='ocrx_word' id='word_1_305' title='bbox 501 4319 594 4395; x_wconf 82' lang='lat' dir='ltr'><strong>atque</strong></span> <span class='ocrx_word' id='word_1_306' title='bbox 615 4306 663 4370; x_wconf 79' lang='lat' dir='ltr'><strong>his</strong></span> <span class='ocrx_word' id='word_1_307' title='bbox 684 4307 823 4372; x_wconf 77' lang='lat' dir='ltr'><strong>suffirltus</strong></span> <span class='ocrx_word' id='word_1_308' title='bbox 843 4312 979 4394; x_wconf 85' lang='lat' dir='ltr'><strong>meritis,</strong></span> <span class='ocrx_word' id='word_1_309' title='bbox 1007 4313 1229 4380; x_wconf 79' lang='lat' dir='ltr'><strong>Mouustcrium</strong></span> <span class='ocrx_word' id='word_1_310' title='bbox 1257 4315 1363 4378; x_wconf 88' lang='lat' dir='ltr'><strong>intra-</strong></span> 
     </span>
    </p>
   </div>
   <div class='ocr_carea' id='block_1_2' title="bbox 0 0 1422 5090">
    <p class='ocr_par' dir='ltr' id='par_1_8' title="bbox 0 0 1422 5090">
     <span class='ocr_line' id='line_1_40' title="bbox 0 0 1422 5090; baseline 0 3"><span class='ocrx_word' id='word_1_311' title='bbox 0 0 1422 5090; x_wconf 95' lang='lat' dir='ltr'><strong> </strong></span> 
     </span>
    </p>
   </div>
  </div>
 </body>
</html>
