2832 5088
515 394 637 487 '1ss
731 465 734 478 ,

80 601 337 673 perrumpuntur,
352 601 353 609 ’
368 576 465 648 tritam
487 584 696 648 inundationis¹
716 583 830 646 molem
850 577 1025 666 petentibirs
1047 607 1132 650 onm-
1228 663 1230 674 Ι

78 691 125 772 pis
154 691 294 773 excipere
322 690 489 751 consuevit.
549 686 630 748 Huic
658 683 803 746 Gotrious
836 707 898 770 non
925 693 989 746 tum
1015 695 1132 748 aretam

79 785 170 874 quam
191 791 366 857 inusitatam
386 789 565 872 pensionem
587 787 739 868 imposuit.
777 787 825 846 De
846 785 932 847 cuius
954 785 1132 848 conditione

79 899 111 951 et
130 890 223 950 modo
245 890 418 951 summatim
444 889 585 949 referam.
627 886 767 946 Primum
797 886 900 968 itaque
927 887 1132 949 ducentorum
1191 965 1193 972 Α

77 990 280 1073 quadraginta
300 991 415 1071 pedum
432 987 656 1069 longitudinem
674 984 812 1046 habentis
830 985 961 1076 aedilicii
977 998 1132 1052 structura

74 1090 258 1170 disponitur,
280 1091 406 1151 bissenis
427 1089 571 1150 distincta
598 1087 717 1169 spatiis,
748 1085 881 1168 quorum
902 1087 1063 1170 quodlibet
1084 1089 1131 1151 vi·
1246 1156 1271 1176 x,
1356 1103 1361 1110 '

77 1202 228 1252 cenorum
244 1189 358 1270 pedum
376 1189 606 1284 intercapedine
622 1185 812 1262 tenderetur,
834 1189 1012 1268 praedietpe
1032 1210 1131 1270 quan-

77 1290 172 1351 titatis
195 1311 343 1351 summam
363 1290 465 1350 totalis
486 1289 575 1370 spatii
598 1285 758 1368 dispendio
779 1287 939 1350 reddente.
983 1291 1016 1350 ln
1041 1281 1131 1350 buiu's

76 1391 182 1473 itaque
204 1390 286 1451 aedis
308 1389 419 1472 capite,
444 1390 541 1472 Regio
558 1388 735 1450 considente
757 1398 929 1470 quaestore,
951 1390 1008 1450 sub
1031 1399 1132 1450 extre·
1244 1377 1246 1384 ¹

76 1513 160 1552 mam
185 1491 249 1552 eius
275 1501 396 1573 partem
420 1489 571 1550 rotundus
603 1509 620 1550 e
652 1487 779 1570 regione
807 1488 930 1570 clypeus
960 1477 1141 1560 exhibetur.

77 1592 265 1669 Fresonibus
287 1592 397 1672 igitur,
418 1590 569 1651 tributum
591 1589 722 1666 daturis,
743 1609 809 1650 mos
832 1599 899 1649 erat
918 1590 1051 1672 singulos
1074 1615 1134 1654 nn.

75 1715 143 1754 mos
165 1693 197 1752 in
218 1691 308 1751 buius
331 1691 538 1766 sentinarum
560 1689 726 1763 conlisere,
744 1709 762 1749 e
784 1690 893 1772 quibus
915 1711 966 1754 eos
989 1691 1135 1754 duntaxat
1153 1761 1157 1774 Ι

78 1793 265 1852 insensum
290 1790 408 1870 regium
435 1789 515 1851 ratio
537 1787 741 1870 computantis
762 1787 906 1866 eligeret,
939 1791 992 1871 qui
1014 1793 1131 1854 eminus

77 1879 228 1952 exactoris
263 1911 351 1950 eures
383 1891 521 1951 clarioris
556 1890 623 1952 soni
647 1888 845 1968 ‘crepitaculo
879 1890 1133 1970 perstrinxissent.

78 1991 151 2068 Quo
173 1990 284 2076 evenit,
306 1999 341 2051 ut
358 1989 390 2051 id
405 1991 503 2051 solnm
519 2011 568 2050 aes
589 1997 732 2073 quaestor
754 1988 784 2048 in
807 1989 915 2051 liseur'n
936 1995 1132 2074 supputando

79 2079 249 2171 colligeret,
271 2090 357 2149 euius
379 2112 482 2150 easum
503 2090 671 2168 remotiore
692 2090 773 2150 uuris
795 2089 909 2151 iudicio
924 2093 1131 2171 persensisset.

79 2190 172 2252 Cuius
200 2209 275 2250 vero
299 2189 466 2248 obscurior
498 2211 588 2248 sonus
624 2190 702 2248 citra
734 2191 938 2272 computantis
972 2192 1135 2260 defecisset

78 2287 230 2365 auditum,
251 2287 448 2349 reiieiebatnr
463 2287 587 2372 quidem
597 2287 627 2345 in
646 2287 762 2364 fiscum,
785 2290 838 2348 sed
861 2291 978 2350 nullum
998 2313 1134 2357 summae

78 2388 257 2471 praestabat
282 2396 487 2469 augmentum.
536 2385 750 2468 Compluribus
778 2387 872 2468 igitur
896 2407 1062 2452 numerum
1088 2393 1135 2454 ia.
1229 2407 1233 2422 ·

79 2491 181 2552 ctibus
203 2489 389 2572 quaestorias
411 2508 499 2548 aures
521 2487 604 2548 nullu
624 2485 759 2547 sensibili
788 2471 957 2550 sonoritate
983 2491 1135 2572 pulsanti.

80 2592 156 2668 bus,
177 2588 307 2665 accidit,
326 2597 362 2647 ut
383 2587 491 2648 statem
510 2609 569 2670 pro
589 2609 620 2648 se
641 2587 776 2668 stipitem
802 2589 975 2671 erogaturi,
1006 2592 1135 2657 multam

81 2689 241 2752 interdum
262 2687 339 2748 aeris
361 2699 481 2770 partem
502 2689 585 2749 inani
606 2688 754 2770 pensione
775 2699 1001 2753 consumerent.
1043 2693 1135 2758 Cuius

82 2790 194 2852 tributi
214 2807 309 2850 onere
327 2809 386 2868 per
396 2771 540 2850 Carolnin
559 2799 665 2871 postea
682 2788 803 2850 liberati
821 2791 1007 2869 produntur.
1042 2794 1136 2858 Cum.

85 2913 146 2977 qne
167 2889 312 2950 Gotrious
332 2897 507 2952 transcursa
527 2888 642 2964 Fresia‚
669 2909 705 2948 ao
725 2909 850 2949 reverso
878 2891 938 2951 iam
958 2894 1056 2955 Roma
1076 2895 1137 2958 Cu·
1200 2941 1202 2948 .

83 2993 171 3068 rolo,
201 2990 231 3050 in
257 2988 420 3049 ulteriores
442 3009 473 3049 se
495 2985 678 3048 Germaniae
699 2987 873 3068 provincias
896 2991 1053 3075 effundere
1074 3002 1136 3054 sta.
1227 3064 1230 3082 Ι

84 3095 208 3170 tuisset,
239 3089 359 3174 proprii
387 3089 522 3150 satellitis
548 3086 664 3148 insidiis
691 3086 932 3166 circumventus,
967 3091 1052 3152 ferro
1079 3091 1138 3154 do·
1252 3083 1257 3094 “

83 3193 230 3255 mesticae
251 3165 366 3252 fiendis
388 3190 513 3251 interiit.
575 3191 645 3266 Quo
672 3188 775 3250 audito
798 3188 923 3250 Carolus
945 3188 1039 3252 effuso
1061 3213 1138 3274 geu.

86 3293 140 3356 din
160 3290 335 3359 exsultavit,
365 3289 442 3350 nibil
463 3310 501 3350 eo
522 3310 595 3351 casn
615 3311 750 3372 unquam
770 3291 913 3351 fortunae
935 3309 1006 3350 suae
1025 3289 1138 3354 iucun-

86 3395 155 3456 dius
177 3392 336 3453 obvenisse
358 3389 522 3450 confessus.

43 3499 79 3556 In
109 3495 211 3573 Bezug
238 3491 293 3578 aul
322 3489 373 3551 die
393 3491 457 3550 'Art
488 3489 554 3550 und
582 3489 705 3558 Weiss,
738 3491 797 3552 wie
825 3488 976 3552 Godfried
1003 3490 1139 3565 umbem,

43 3595 190 3657 stimmen
210 3591 311 3651 deo·
329 3588 596 3648 Grammaticus
625 3590 689 3652 und
710 3582 880 3648 Einlrard
902 3591 1046 3654 iibereins
1061 3613 1067 3624 ‘
1082 3593 1139 3656 ab.

42 3692 209 3759 weiobend
232 3691 368 3774 dagegen
390 3691 429 3751 ist
450 3689 504 3751 die'
521 3690 646 3772 Angnbe
667 3689 718 3750 bei
736 3687 770 3748 K
773 3699 898 3762 rante,
919 3689 1027 3753 Samon.
1045 3693 1084 3770 ΙΙ,
1105 3692 1138 3752 6:

90 3795 179 3871 Sive,
207 3801 242 3854 nt
263 3791 388 3875 quidam
409 3789 510 3852 verius
531 3791 716 3867 existimant,
749 3791 914 3873 eproprio
936 3793 1019 3863 filio,
1054 3791 1139 3852 cuius

89 3903 222 3954 matrem
239 3891 457 3974 repudiaverat
477 3899 509 3952 et
529 3884 619 3950 aliam
640 3889 781 3969 duxerat,
803 3891 991 3954 interfectus.
1066 3923 1068 3930 a

133 3989 271 4053 lactabat
293 3993 386 4050 etabm'
392 4035 463 4053 .....
475 3988 677 4069 adventurum]
698 3989 803 4073 Vergl.
827 3989 876 4052 die
893 3987 1069 4070 Erutblung
1088 3979 1158 4050 bei*

47 4095 122 4157 dem
143 4092 224 4154 Mor.
245 4090 464 4151 San-Gazetae
485 4092 523 4167 ll,
545 4090 595 4166 13,
616 4111 647 4172 p.
670 4091 742 4161 757,
763 4088 883 4150 Perta.

133 4192 182 4252 ubi
200 4193 277 4264 retas
298 4191 500 4249 comitatus
521 4184 603 4270 erat]
627 4189 795 4252 Hieruuter
808 4190 847 4251 ist
857 4187 907 4248 die
919 4204 1014 4268 gaure
1025 4182 1143 4248 Sobanr

44 4277 109 4358 der
130 4296 341 4360 Hofbeamten
362 4315 401 4353 ru
422 4287 600 4359 versteheu,
621 4290 739 4354 welche
760 4291 820 4438 qgn
842 4287 983 4348 Holstast
1003 4285 1055 4348 des
1076 4285 1144 4348 Ks-
