2870 5086
791 437 957 506 58η

266 612 349 687 belli
373 607 485 704 luitl)
508 607 658 680 subacta.
683 603 795 692 ltalia,
829 616 863 676 et
888 629 949 676 rex
969 602 1176 680 Desiderius
1202 618 1369 706 perpetuo

266 733 369 806 exilio
396 729 610 827 deportatus,
639 735 674 796 et
704 724 790 796 lilius
817 728 890 798 cius
914 723 1101 822 Adalgisus
1123 725 1216 798 Italia
1242 728 1370 826 pulsus,

266 863 301 926 et
326 833 381 924 res
407 878 427 922 a
450 840 755 944 Langobardorum
775 847 915 942 regibus
934 861 1082 946 ereptae,
1107 846 1272 936 Adriano,
1294 847 1368 921 Ro-

188 1041 196 1050 .
263 997 382 1046 manae
408 967 576 1042 ecclesiae
601 967 738 1052 rectori,
764 970 949 1061 restitutae,

596 1173 598 1180 ’
714 1182 809 1258 Ceu
847 1182 922 1258 Vll

360 1329 455 1402 Post*
475 1328 572 1398 cuius
593 1324 694 1397 finem
719 1323 939 1412 Saxonicum,
963 1323 1059 1422 quod
1087 1328 1183 1422 quasi
1200 1328 1367 1400 intermis-

261 1477 335 1524 sum
360 1449 565 1533 videbatur,
588 1449 770 1543 repetitum
797 1458 868 1533 est;
902 1472 970 1544 quo
996 1445 1123 1517 nullum
1148 1471 1263 1544 neque
1287 1475 1367 1545 pro·

168 1584 170 1595 '
259 1572 376 1658 lixius,
410 1593 524 1668 neque
559 1569 708 1639 atrocius
744 1565 1027 1661 Francorumque
1057 1565 1186 1663 populo
1217 1567 1367 1640 laborio-

260 1693 331 1764 sius
365 1701 562 1788 susceptum
597 1697 666 1775 est,
706 1691 785 1787 quia
810 1686 984 1772 Saxones,
1004 1685 1112 1758 ‘sicut
1143 1711 1261 1756 omnes
1292 1685 1368 1758 lere

260 1809 477 1884 Germaniam
508 1809 700 1882 incolentes
730 1811 902 1894 nationes,
936 1817 971 1878 et
1001 1818 1118 1876 natura
1148 1805 1298 1892 leroces,
1331 1818 1368 1878 et

259 1932 365 2003 cultui
392 1929 595 2003 daemonum
621 1927 746 2015 dediti,
777 1939 983 2023 nostraeque
1014 1925 1172 2021 religioni
1197 1930 1366 2015 contrarii,

257 2075 371 2147 neque
398 2048 511 2120 divina
535 2071 649 2146 neque
674 2046 818 2120 humana
841 2050 912 2118 iura
938 2045 993 2116 vel
1018 2045 1173 2140 polluere
1187 2047 1243 2118 vel
1258 2059 1366 2120 trans·

256 2168 356 2265 gredi
382 2165 599 2237 inhonestum
625 2163 926 2259 arbitrabantur2).
978 2160 1152 2236 Suberant
1173 2177 1208 2238 et
1234 2191 1367 2253 causae,

257 2311 345 2386 quae
364 2282 519 2384 quotidie
544 2307 666 2380 pacem
693 2287 898 2364 conturbare
922 2297 1091 2383 poterant,
1109 2287 1243 2358 termini
1267 2287 1366 2359 vide-

132 2443 135 2456 r
255 2409 339 2480 licet
364 2401 522 2497 nostri³)
549 2416 584 2476 et
609 2405 742 2480 illorum
767 2431 877 2504 paene
903 2405 1032 2504 ubique
1065 2408 1099 2476 in
1124 2405 1225 2500 plano
1254 2410 1365 2479 conti·

254 2529 324 2625 gui,
349 2537 486 2626 praeter
511 2549 620 2621 pauca
646 2525 738 2611 loca,
769 2526 803 2594 in
834 2525 957 2620 quibus
987 2527 1042 2631 vel
1075 2525 1180 2594 silvae
1206 2528 1365 2616 maiorer,

253 2649 310 2721 vel
334 2648 498 2719 montium
525 2646 604 2739 iuga
628 2645 807 2716 interiecta
830 2655 1051 2743 utrorumque
1077 2669 1177 2740 agros
1199 2657 1297 2733 certo
1324 2650 1364 2720 li-

253 2769 336 2838 mite
371 2765 620 2850 disterminant,
654 2764 689 2833 in
722 2762 846 2859 quibus
880 2763 1006 2838 caedes
1024 2777 1073 2838 ·et
1096 2739 1233 2864 rapinae
1258 2767 1363 2864 vel⁴)

252 2883 411 2958 incendia
422 2885 573 2954 vicissim
592 2882 663 2954 fieri
676 2907 745 2953 non
764 2885 962 2972 cessabant,
989 2886 1112 2984 quibus
1130 2884 1217 2956 adeo
1234 2882 1363 2960 Franci

252 3014 332 3076 sunt
357 2994 490 3092 irritati,¹
515 3016 648 3078 utnon
672 3004 739 3074 iam
760 3004 1079 3097 vicissitudinem⁵)
1105 3003 1270 3094 reddere,
1298 3008 1363 3080 sed

251 3136 405 3222 apertum
430 3124 596 3220 contra⁶)
623 3149 683 3196 eos
705 3123 834 3196 bellum
859 3126 1035 3221 suscipere
1064 3123 1203 3220 dignum
1229 3127 1361 3200 iudica·
1420 3149 1421 3154 ’

251 3258 336 3317 rent.
404 3243 616 3342 Susceptum
649 3253 701 3314 est
735 3243 838 3336 igitur
869 3242 1031 3318 adversus
1050 3246 1085 3341 7)
1131 3271 1192 3318 eos
1219 3248 1360 3336 bellurn,
1404 3307 1406 3316 ,

251 3363 347 3462 quod
370 3365 538 3461 magna⁸)
563 3365 724 3462 utrinque
747 3365 977 3452 animositate,
999 3375 1111 3438 tamen
1137 3368 1265 3438 maiore
1293 3365 1359 3440 Sa-

130 3523 135 3534 1
250 3505 376 3555 xonum
401 3509 501 3582 quam
533 3482 745 3558 Francorum
771 3482 905 3569 damno,
929 3509 993 3580 per
1018 3488 1198 3560 continuos
1219 3489 1359 3586 triginta

250 3649 451 3668 ΙΙὺ-ι--ιιι

330 3755 361 3831 ¹)
380 3754 474 3815 Deest
492 3757 523 3816 in
543 3757 579 3816 al.
660 3759 692 3832 ²)
711 3755 769 3815 All.
789 3752 989 3814 Arbitrantur.
1017 3776 1021 3784 ¹

241 3909 246 3920 ,
328 3852 362 3930 ³)
382 3849 429 3910 Al,
448 3851 632 3912 Francorum
650 3873 704 3931 pro
724 3853 824 3910 nostri.
1211 3922 1213 3930 Ι

329 3946 360 4022 ⁴)
379 3946 425 4006 Ita
452 3947 527 4006 Cod.
552 3947 724 4006 Vindobon.
751 3945 869 4026 Reliqui
900 3967 1000 4006 ornnes
1025 3963 1051 4008 et
1077 3948 1177 4029 legere
1201 3949 1354 4009 videntur:
1418 4023 1419 4038 χ

249 4041 364 4102 sedvel
381 4062 397 4102 a
416 4039 607 4121 scriptoribus
628 4041 711 4102 huius
732 4043 796 4102 aevi
816 4041 917 4102 eadem
937 4042 1150 4122 significatione
1162 4065 1217 4124 qua
1231 4059 1257 4106 et
1269 4067 1354 4104 usur·
1418 4039 1419 4048 ’

248 4146 359 4311 Ριὶῒιιτῠι)
378 4233 438 4293 All.
456 4237 540 4294 nicea
579 4269 618 4284 -
659 4231 691 4308 0)
710 4231 758 4294 Al.
775 4229 919 4294 adversus.
957 4267 996 4281 -
1037 4234 1069 4312 τ)
1088 4233 1147 4294 All.
1166 4249 1275 4296 curura.

326 4327 359 4407 8)
378 4327 436 4389 an.
455 4330 594 4391 mum.
