2870 5086
708 319 715 334 ι

662 385 664 394 t

534 451 537 460 .
593 395 652 464 oo*

74 543 235 660 inimores
261 574 372 648 erant,
398 558 526 634 Italiam
550 560 631 658 suga
655 563 756 661 petiit
777 561 811 654 ¹)
837 575 872 634 et
897 563 997 636 nullis
1024 565 1180 637 existen*

73 685 169 774 tibus,
193 685 320 770 causis,
342 693 467 780 spreto
494 683 604 756 mariti
633 682 734 754 fratre
764 681 828 754 sub
852 661 1049 770 Desiderii,
1086 687 1179 782 regis

71 801 371 899 Langobardorum
389 802 441 898 ²),
473 804 701 900 patrocinium
719 801 754 894 3)
781 827 819 872 se
855 826 931 872 oum
959 801 1080 874 liberis
1107 806 1178 877 suis

72 925 266 1020 contutitt).
322 921 371 994 Et
401 922 652 996 Karlomannus
682 919 821 1018 quidem
852 932 935 1022 post
964 920 1177 996 administra·
1209 981 1213 997 .

69 1056 135 1116 tum
160 1045 387 1117 communiter
417 1044 556 1116 biennio
587 1065 730 1137 regnum
758 1039 881 1112 morbo
911 1039 1070 1113 decessit.
1104 1041 1176 1115 Ka-

68 1165 155 1236 rolus
173 1177 311 1252 autem,
342 1163 445 1235 fratre
470 1161 652 1248 defuncto,
687 1185 860 1233 consensu
891 1159 1042 1232 omnium
1065 1159 1176 1235 Fran-

68 1309 182 1356 corum
207 1309 269 1356 rex
291 1283 515 1356 constituitur.

514 1496 618 1573 Can.
660 1497 719 1573 IV.

157 1638 218 1714 De
245 1643 342 1712 cuius
366 1643 541 1715 nativitate
565 1651 669 1738 atque
695 1635 849 1725 infantia,
882 1637 938 1710 vel
961 1641 1061 1712 etiam
1086 1666 1172 1744 pne-

65 1764 142 1850 titia,
171 1764 250 1859 quia
274 1785 389 1858 neque
415 1763 554 1858 seriptis
579 1757 770 1857 usquam⁵)
803 1756 933 1854 aliquid
965 1759 1172 1836 declaratum
1211 1818 1213 1829 .

66 1882 121 1968 est,
145 1905 261 1978 neque
288 1879 466 1977 quisquam
488 1878 594 1950 modo
621 1898 805 1975 superesse
818 1877 997 1966 invenitur,
1024 1883 1082 1977 qui
1107 1882 1171 1952 ho·
1202 1961 1208 1971 ,

63 2026 130 2072 nnn
156 2024 195 2071 se
227 1999 318 2070 dicat
337 1997 474 2071 habere
506 1998 676 2086 notitiam,
710 1996 862 2068 scribere
894 2000 1048 2094 ineptum
1082 1999 1171 2072 iudi-

64 2144 155 2208 cans,
181 2119 341 2191 adactus
368 2129 402 2205 et
427 2142 540 2190 mores
575 2128 778 2216 ceterasque
810 2119 900 2188 vitae
932 2117 1023 2192 illius
1053 2133 1170 2217 partes

64 2239 277 2338 explicandas
302 2263 344 2310 ao
371 2237 659 2324 demonstrandas,
686 2238 820 2310 omissis
837 2239 1033 2334 incognitis,
1059 2251 1169 2314 trans·

63 2359 104 2430 ite
132 2355 570 2454 disposui3itata1nent),
595 2367 634 2426 ut
650 2357 764 2452 ‚primo
789 2381 844 2427 res
870 2370 986 2454 gestas
1013 2371 1049 2430 et
1069 2359 1167 2433 'domi

63 2492 92 2550 et
114 2480 209 2566 sorio,
232 2477 358 2551 deinde
384 2501 496 2548 mores
520 2487 556 2546 et
580 2473 693 2546 studia
719 2477 803 2562 eins,
828 2486 899 2546 tum
921 2477 964 2548 de
982 2481 1081 2574 regni
1106 2479 1167 2550 ad·

62 2601 300 2672 ministratione
327 2611 361 2670 et
385 2597 451 2671 fine
478 2594 662 2684 narrando,
694 2595 778 2666 nihil
814 2593 857 2665 de
880 2593 949 2683 his,
982 2622 1071 2695 quae
1089 2589 1166 2671 *co-

63 2723 151 2814 gnitu
176 2719 233 2791 vel
257 2719 359 2815 digna
382 2718 441 2808 vel¹
464 2717 658 2788 necessaria
681 2725 769 2805 sunt,
794 2719 1060 2818 praetermittam
1071 2717 1130 2815 ⁷).‚

396 2993 397 2998 ,
516 2931 623 3006 Can.
660 2931 705 3006 V.

157 3076 318 3154 Omnium
330 3070 365 3168 8)
390 3073 559 3146 bellorum
588 3046 675 3172 qnae
700 3073 825 3168 gessit,
850 3076 960 3168 primo
981 3072 1164 3176 Aquitani-

64 3223 149 3287 onnn,
186 3225 206 3270 a
237 3205 335 3294 patre
367 3193 563 3269 inchoatum
601 3192 665 3266 sed
704 3189 857 3264 nondum
895 3191 1040 3282 finitum,
1085 3198 1165 3299 quia

64 3319 173 3415 eitot)
195 3317 323 3416 ‘peragi
355 3316 461 3412 posse
493 3310 762 3406 videbatur10),
798 3309 900 3407 fratre
932 3312 1044 3386 adhuc
1074 3318 1164 3406 vivo,

69 3467 257 3482 —-.-.-=-.--.

134 3539 164 3615 1)
184 3536 231 3595 ΑΙ.
245 3546 362 3610 peteret
400 3573 438 3584 -
478 3537 511 3613 ²)
530 3534 588 3594 All.
609 3529 884 3608 Langobardorum.
1240 3598 1242 3604 s

133 3637 165 3710 3)
184 3631 242 3690 All.
257 3633 432 3705 patrocinio.
469 3661 508 3673 -
550 3634 580 3706 ⁴)
600 3629 658 3688 All.
678 3625 806 3710 affirm.
832 3659 871 3672 ··-
906 3630 937 3706 ⁶)
957 3631 1160 3712 Aliamquom.

136 3731 165 3803 ⁸)
184 3729 302 3786 Sueten.
323 3726 450 3800 August.
470 3747 497 3785 c.
513 3733 544 3789 9.
563 3725 679 3784 Pentz.

136 3825 165 3900 ⁷)
188 3823 263 3884 Cod.
284 3821 355 3881 bitt.
376 3821 506 3882 Vindob.
526 3821 592 3880 hist.
612 3818 690 3898 proi.
712 3823 770 3881 990
790 3819 882 3877 addit:
908 3819 1043 3896 Explicit
1057 3823 1161 3897 prolo-

61 3935 118 3988 gos.
155 3917 262 3992 Incipit
279 3913 351 3976 liber
364 3915 532 3991 primusde
550 3915 789 3976 ammintomwtoa
807 3919 891 3992 regni
921 3931 947 3975 et
957 3919 1025 3995 fine
1043 3916 1160 3976 Korou.

66 4010 135 4075 Cod.
157 4011 263 4073 Christ.
281 4013 378 4072 Vatis.
398 4019 455 4080 637
476 4014 568 4074 addit:
589 4010 651 4072 Hic
670 4023 710 4071 est
726 4015 825 4085 primo
839 4033 924 4086 pars,
943 4033 1017 4090 quate
1027 4009 1063 4070 de
1080 4008 1161 4072 bottis
1209 4059 1211 4064 .

64 4111 161 4182 agitur.
814 4113 819 4133 ⁸

137 4207 168 4281 ⁸)
187 4205 303 4265 Sueten.
322 4203 449 4280 August.
470 4223 494 4274 ,c-
515 4207 561 4268 1⁰.
581 4201 694 4268 Parta

139 4301 169 4382 9)
187 4322 247 4362 non
264 4303 329 4364 cito.
348 4300 417 4360 Mss.
435 4295 583 4358 Bollandi.
621 4333 660 4350 -·
704 4299 756 4376 ¹⁰)
776 4298 822 4357 nl.
837 4291 1004 4374 putabotw.
