2870 5086
502 389 514 413 1
559 471 565 484 Ι
612 391 671 460 29
853 401 865 436 a
899 389 903 396 .

21 633 23 644 .
141 575 222 649 dere
247 567 404 676 audebat.
455 559 533 636 seo
557 583 634 634 cum
659 555 803 658 quadam
824 563 930 626 nocte
952 552 1076 651 cupitis
1096 551 1190 626 irue-

139 707 255 772 rentur
274 687 496 788 amplexibus,
521 694 556 755 et
578 679 705 753 diutius
730 704 768 751 se
785 675 943 772 voluptas
957 668 1192 770 protenderet,
1234 650 1242 662 ⁸

138 817 248 890 illuxit
279 834 394 897 mane,
430 817 465 877 et
490 827 575 875 ecce
605 801 665 872 nix
697 819 832 868 omnem
862 802 984 864 terram
1015 803 1206 890 sparserat„-
1263 881 1271 890 ‚

139 935 242 1009 Tunc
272 931 417 1004 'clericus
449 925 507 1021 qui
539 943 577 990 se
604 908 929 1014 deprehendendum
956 887 1022 1014 pei
1047 912 1194 1008 vestigia

139 1061 175 1130 in
200 1057 279 1128 nive
302 1053 451 1128 timeret,
475 1039 652 1138 persuasit,
667 1035 795 1106 amicae
813 1055 904 1119 suae,
927 1042 967 1104 ut
992 1031 1093 1104 dorso
1120 1033 1194 1104 eius

139 1177 336 1276 impositus,
375 1161 545 1260 angustias
570 1155 643 1228 illas
670 1149 840 1224 evaderet.
904 1147 965 1222 Illa
998 1151 1072 1222 eius
1102 1147 1159 1222 rel
1178 1191 1195 1203 -

21 1315 23 1332 '
138 1307 215 1368 tans
242 1285 493 1388 impudentiam,
519 1272 704 1350 dummodo
725 1273 848 1342 vita'ret
867 1269 1120 1356 verecundiam,
1144 1268 1195 1339 le-

139 1426 197 1486 vat
221 1423 318 1504 tergo
342 1405 513 1486 amasium,
545 1409 581 1468 ct
606 1405 700 1466 extra
725 1392 851 1462 curiam
878 1390 983 1463 offert.
1032 1387 1082 1483 Et
1106 1387 1196 1476 forte

138 1549 223 1606 tunc
253 1528 442 1627 Imperatur
475 1521 638 1592 minctum
676 1522 884 1598 surrexerat,
930 1522 965 1582 et
1003 1507 1196 1608 pertfene-
1271 1513 1274 1520 ’
1319 1545 1325 1555 ·

81 1737 84 1747 ,
139 1667 242 1728 stram
265 1644 444 1722 coenaculi
467 1637 662 1734 despiciens
679 1615 775 1702 videt
795 1631 957 1714 clericum
975 1630 1196 1728 equitantem.

21 1761 22 1778 ³
137 1773 258 1846 Primo
285 1763 424 1868 quidem
449 1759 525 1830 visu
548 1755 741 1838 hebetatur,
766 1748 829 1822 sed
854 1732 1112 1844 rediligendus
1138 1773 1197 1821 ex-

128 1895 288 1994 plorata,
319 1883 453 1986 pudore
488 1888 523 1948 et
554 1872 789 1968 indigitatione
824 1867 1003 1940 obmutuit.
1062 1847 1198 1940 interea

21 1995 54 2022 Ἰ
120 2009 321 2088 'haesitanti
345 1993 457 2076 utrum
481 2004 664 2095 peccatum
688 1990 890 2088 impunitum
917 1970 1120 2074 dimitteret,
1142 1987 1200 2060 vel

138 2133 329 2232 peccantes
352 2125 500 2196 honeste
532 2113 771 2213 redargueret,
802 2100 944 2180 ob'venit
973 2109 1131 2196 occasio,
1160 2120 1200 2180 ut
1326 2087 1336 2204 ‚¹

94 2271 97 2285 '
138 2252 394 2350 Episcopatum
413 2247 589 2308 vacantem
612 2229 713 2337 [daret
738 2229 884 2312 clerico;
909 2224 997 2296 haec
1016 2229 1124 2302 uerba
1140 2255 1199 2304 au-

139 2376 239 2450 ribus
262 2370 484 2443 insusurrans,
506 2353 573 2440 Tu,
598 2351 719 2451 in'quit,
742 2350 863 2444 accipe
877 2343 1139 2444 Episcopatum,
1165 2360 1201 2420 et

140 2493 223 2568 vide
249 2512 293 2563 ne
318 2481 461 2554 ulterius
485 2476 657 2572 inequites
683 2469 874 2562 mulierem3
898 2459 992 2536 Itcm‘
1016 2463 1100 2536 dans
1124 2462 1201 2540 Ab·

139 2613 278 2688 batiam,
291 2595 595 2676 sanctimonialium
609 2613 801 2690 germanae,
830 2595 915 2670 esto,
931 2584 988 2672 ait,
1004 2579 1202 2676 Abbatissa,

140 2755 212 2805 nec
225 2725 313 2797 ultra
324 2721 462 2820 patiaris
478 2717 640 2788 clericum
656 2714 873 2810 equitantem.
907 2693 1052 2778 Conlu'si
1070 2706 1128 2794 illi,
1142 2709 1201 2806 qui
1234 2727 1239 2734 ·

141 2843 213 2923 tam
229 2845 324 2943 gravi
340 2839 434 2912 dicto
451 2859 489 2907 se
509 2838 675 2906 sentirent
690 2830 868 2930 lapidatos,
890 2819 1087 2902 desiverunt
1108 2827 1202 2902 alla-

142 2969 244 3066 gitio,
262 2958 355 3062 quod
372 2957 532 3030 divinitus
553 2953 751 3059 inspiratum
769 2955 934 3045 putabant
946 2981 966 3024 a
979 2949 1135 3024 Domino
1157 2947 1202 3041 ι),

92 3085 166 3161 Die
183 3074 566 3178 Ungeschicklichkeit,
590 3070 724 3144 welche
742 3075 776 3144 in
803 3067 866 3142 der
889 3073 978 3144 eben
994 3065 1203 3166 mitgetheil-

82 3221 153 3282 ten
175 3201 378 3296 Erathlung
399 3195 605 3279 hervortritt,
630 3193 676 3262 ist
702 3189 883 3264 auffallend
907 3215 1033 3289 genug.
1084 3184 1203 3260 Geist-

92 3329 207 3400 voller
232 3319 404 3397 berichtet
430 3314 497 3387 den
531 3309 767 3409 angeblichen'
782 3309 951 3408 Vorgang
974 3307 1110 3382 lohann
1133 3333 1203 3380 von

92 3446 236 3520 Leiden
259 3445 295 3514 in
320 3441 433 3512 seiner
457 3430 683 3532 Belgischen
709 3427 874 3503 Chronilr
891 3431 942 3523 2);
1325 3409 1328 3416 ’

141 3564 322 3641 Henricus
345 3556 534 3656 Imperator
557 3550 706 3650 quodam
728 3550 872 3623 brumali
896 3562 1054 3647 tempore
1079 3543 1204 3620 Slavos

145 3701 356 3785 oppugnare
375 3677 512 3761 volens,
542 3673 661 3744 habuit
677 3691 803 3742 secum
831 3672 866 3742 in
892 3697 952 3742 sua
985 3667 1204 3768 expeditione

144 3795 304 3882 sororem
324 3825 435 3886 suam,
459 3790 747 3872 sanctimonialem
766 3788 803 3884 8)
828 3791 970 3865 eximiae
997 3777 1205 3874 resumatis,

160 4027 194 4103 ι)
227 4021 328 4102 vergi,
353 4000 514 4095 manas
530 4011 696 4088 uaros,
719 3961 960 4089 normam,
983 4004 1101 4079 mm,
1121 4005 1204 4074 saa,
1261 3975 1270 4006 '

87 4119 243 4183 Vincam.
263 4117 421 4194 Bellovaco,
440 4112 554 4192 specul
572 4107 669 4171 Iatour.
689 4107 783 4186 XXV,
804 4113 850 4172 10.
1058 4139 1071 4152 ,ν

157 4220 205 4293 ⁴²)·
218 4215 256 4291 X,
273 4221 300 4280 1.
320 4209 362 4274 ad
377 4195 1148 4283 n1oe9.ap.Wotnotoo,Egulsiltom.p.s

161 4313 197 4390 ³)
224 4305 458 4370 summoveatis
480 4305 518 4365 ist
540 4301 623 4364 nicht
647 4298 808 4382 gersdehin
832 4298 957 4368 Nonne,
975 4289 1118 4356 :eundern
1139 4285 1206 4348 ein·

928 4468 936 4502 Ι
