2834 5090
771 378 858 488 len
938 373 1003 400 ”

181 601 186 620 ”
311 592 423 656 Christi
445 609 550 652 cincre
570 608 699 670 regnum
720 597 753 648 et
773 587 902 670 glorium
921 584 1029 648 mnndi
1052 583 1226 670 dereliquit,
1248 589 1303 672 qni
1327 589 1363 652 de

310 703 395 778 tanta
413 689 593 754 excellentia
613 688 656 750 ita
677 708 708 750 sc
729 687 910 778 humiliavit,
932 696 967 748 ut
987 685 1081 748 modo
1096 709 1113 747 a
1127 687 1278 750 vilissimis
1291 711 1364 771 per-

311 793 391 869 sonis
419 813 481 852 non
509 789 607 854 solum
629 786 820 852 contumeliis
842 787 1007 866 afliciatur,
1036 787 1204 849 sedetiam
1223 790 1364 851 verberi-

310 895 367 956 bus
395 888 578 974 affligaturf‘
620 890 695 966 Quo
719 888 824 950 audito
850 889 1022 958 tremefacti
1043 911 1061 948 a
1082 889 1204 952 sedibus
1226 900 1363 972 snrgunt,

310 993 438 1076 pedihus
461 993 524 1054 eins
546 1011 577 1052 se
593 999 802 1071 prosternunt
822 991 946 1052 neniam
965 972 1121 1071 postulant
1137 991 1176 1052 de
1192 1001 1363 1062 contemtu;

310 1093 514 1178 ignorantiam
540 1092 740 1173 profitentur;
773 1090 824 1152 ille
851 1100 960 1152 contra
986 1090 1017 1150 in
1038 1098 1155 1152 terram
1174 1092 1363 1174 provolutus,

268 1202 270 1210 '
311 1217 381 1258 cum
402 1193 567 1275 lachrymis
589 1212 702 1274 negare
724 1191 842 1272 coepit,
870 1189 948 1252 haec
970 1209 1032 1251 non
1054 1211 1119 1252 esse
1139 1213 1228 1271 vera,
1248 1213 1313 1253 non
1332 1211 1362 1251 se

311 1294 671 1366 esse‘Carolomannnm‚
703 1292 756 1356 sed
783 1291 941 1354 hominem
965 1301 1162 1372 peccatorem
1183 1303 1214 1356 et
1233 1292 1363 1358 homici-

185 1417 188 1434 ¹
311 1398 396 1469 dam;
431 1393 579 1473 collegam
601 1413 689 1454 sunm
709 1394 911 1473 perterritum
931 1401 1061 1474 propter
1084 1395 1278 1456 commissum
1297 1393 1363 1474 pia-

311 1502 415 1564 culum
436 1495 513 1556 haec
535 1480 749 1574 excogitasse..
767 1491 851 1571 Quid
871 1493 979 1574 plura?
1001 1493 1139 1574 cognitus
1160 1494 1200 1554 ab
1223 1493 1362 1554 omnibus

312 1621 383 1660 cum
404 1617 513 1678 magna
534 1595 708 1656 reverentia
729 1603 774 1656 est
795 1594 982 1656 observatus.
1047 1619 1051 1632 ·

266 1703 305 1765 ln
334 1699 405 1759 dem
426 1697 553 1758 Kloster
576 1693 663 1770 Mons
686 1692 801 1754 Cossini
825 1694 984 1758 befanrlen·
1001 1691 1067 1756 sich
1088 1691 1198 1754 damah
1219 1692 1364 1755 mehrere

270 1796 431 1860 fiirstliche
451 1797 624 1872 Personen,
644 1794 762 1858 welche
784 1795 852 1858 den
865 1795 974 1857 Thron
994 1795 1052 1856 mit
1073 1793 1129 1856 der
1149 1793 1365 1857 lll‘onchskutte

175 1959 178 1968 ,
270 1897 449 1974 vertanscht
468 1897 589 1970 buttem
605 1897 732 1973 -Rachis,
754 1897 857 1979 Konig
872 1896 929 1958 der
942 1893 1168 1977 Longobarden
1190 1893 1363 1969 (Sinelon.

112 2016 118 2024 ·
178 1995 180 2001 ’
269 2007 326 2056 tus
349 1996 634 2068 Gcmllacensic,
664 1996 831 2067 chronicon,
857 2015 886 2057 a.
909 1998 995 2071 749);
1023 1993 1136 2073 Gisulf,
1163 1995 1286 2074 Herzog
1307 2017 1362 2055 von

269 2099 443 2167 Beneuent,
471 2119 502 2156 u.
524 2119 564 2158 m.
586 2099 621 2158 A.
650 2098 695 2157 .S.
718 2095 757 2154 M
761 2096 915 2166 chilion,
942 2093 1046 2156 Annol.
1069 2095 1130 2158 ord.
1151 2095 1184 2158 S.
1204 2094 1362 2166 Benedicti,

109 2257 113 2284 ,
147 2211 158 2236 ‘
269 2197 340 2260 ,vot
359 2198 400 2256 ll.
455 2193 587 2273 Epitome
620 2190 819 2260 Cnontcorum
851 2194 1045 2257 wnensnm
1074 2219 1122 2280 up.
1158 2194 1360 2266 Muratori,

270 2296 341 2356 Rer.
367 2295 494 2354 italicar.
516 2293 653 2373 Scriptor.
676 2278 818 2374 Tom.'ll,
839 2298 874 2358 P.
889 2299 912 2376 l,
933 2319 964 2379 p.
978 2298 1050 2360 358.
1073 2291 1104 2358 ff.
1134 2298 1194 2360 Die
1213 2320 1274 2360 von
1286 2301 1361 2360 Ana-

126 2421 130 2428 ’
162 2425 171 2440 ¹
272 2397 378 2460 etesius
405 2395 622 2458 herriihrende
644 2397 847 2486 ¹weitl'tsustige
875 2397 1224 2480 Geschichtserzahlung
1245 2399 1362 2462 -weicht
1406 2413 1407 2422 ¹

147 2489 155 2496 ’
272 2499 303 2558 in
335 2497 433 2560 vielen
467 2497 694 2560 namentlich‘en
719 2498 862 2560 Punkten
895 2519 956 2560 von
988 2497 1048 2560 den
1080 2497 1211 2581 iibrigen
1237 2499 1362 2562 Barich-

272 2609 324 2662 ιω
346 2599 395 2660 ab.
435 2599 476 2672 (n.
499 2598 549 2662 die
570 2585 664 2660 sitne
686 2599 728 2658 im
748 2597 899 2685 nnnsng.)
1275 2649 1280 2654 .

161 2697 169 2720 “’
276 2718 279 2728 “
354 2708 384 2756 et
404 2697 446 2757 ihi
457 2743 562 2760 .......
580 2692 754 2776 consulerit}
788 2697 880 2758 Diese
896 2695 1065 2758 Nnchricht
1086 2699 1125 2760 ist
1146 2700 1233 2762 nicht
1253 2720 1360 2784 genau:
1405 2749 1406 2754 ,

143 2883 148 2894 '
199 2871 202 2878 ¹
272 2799 441 2860 Karlmann
465 2799 547 2858 starb
570 2821 608 2858 zu
627 2797 756 2858 Vienne.
791 2797 841 2858 Als
863 2795 919 2858 der
939 2797 1034 2880 Papst
1054 2800 1190 2882 stephan
1212 2803 1267 2862 Ill.
1286 2797 1361 2862 nach

271 2897 462 2960 Frankrcich
489 2916 645 2978 gegangen
674 2919 754 2975 war,
782 2921 834 2960 um
861 2913 921 2960 von
942 2899 1054 2981 Pippiu
1073 2901 1170 2974 ,Helle
1197 2918 1297 2984 gegen
1317 2899 1360 2961 die

157 2985 165 3004 ⁸
271 2997 498 3080 Langobarden
520 3021 559 3058 cn
580 2995 731 3076 erssehen,
753 2997 890 3061 schickte
912 2999 968 3060 der
988 3001 1051 3062 Aht
1069 3001 1124 3064 des
1146 3002 1296 3079 Klosters,
1316 2996 1364 3058 auf

272 3101 409 3164 Halstulf
410 3095 431 3162 ’s
444 3099 677 3182 Veranlussung,
690 3099 859 3160 Karimann
872 3098 1039 3178 gleichfalls
1052 3100 1188 3179 dorthin,
1200 3125 1257 3162 um
1269 3097 1361 3164 durch

225 3283 229 3292 ι
273 3203 376 3266 seinen
399 3197 527 3263 Einllnss
549 3201 610 3260 ‘ani
632 3198 734 3260 seinen
758 3196 953 3279 kinigliclien
975 3199 1096 3264 Brnder
1117 3201 1167 3264 die
1188 3203 1292 3266 Bitten
1314 3200 1360 3262 des

272 3303 397 3384 Papstes
425 3323 462 3364 nu
488 3300 645 3362 vereiteln.
694 3298 757 3360 nus
780 3297 836 3358 ‹ler
863 3298 1032 3362 Riiclrkehr
1065 3302 1148 3364 starb
1177 3323 1212 3364 er
1239 3305 1303 3366 754
1328 3320 1360 3359 nu

148 3415 170 3450 ι
273 3404 402 3464 vienne.
433 3400 534 3460 Annat.
552 3379 655 3458 innan
674 3415 702 3458 a.
725 3398 795 3458 753.
811 3393 928 3484 ‚cnon
951 3397 1101 3464 nonina.
1122 3425 1153 3484 p.
1168 3404 1240 3482 nna,
1265 3405 1358 3466 rests.

273 3502 377 3560 Annas.
399 3497 541 3558 nunnus
559 3518 587 3562 a.
611 3499 686 3586 nne:
1054 3559 1060 3564 ,

315 3600 409 3660 Venit
436 3608 467 3660 et
488 3600 733 3666 K'arolomaunus
758 3598 854 3660 frater
873 3597 964 3681 Regis
986 3600 1046 3664 iam
1066 3601 1236 3664 Monachus
1260 3603 1360 3668 iactus,

315 3699 397 3786 iussu
418 3699 542 3760 Abhatis
556 3699 619 3776 nni,
641 3709 675 3760 ut
696 3697 777 3781 apud
797 3699 925 3760 fratrem
945 3701 1088 3780 precibus
1108 3702 1239 3766 Romani
1259 3697 1359 3764 Ponti·

315 3799 380 3860 ficis
402 3799 571 3866 obsisteret.
603 3799 717 3864 Invitus
738 3793 840 3861 tannen
862 3796 923 3860 hoc
943 3799 1050 3860 fecisse
1063 3813 1200 3882 putatur,
1221 3804 1295 3886 quia
1309 3817 1358 3860 nec

316 3901 367 3962 ille
389 3898 514 3969 nubatis
536 3900 581 3960 sni
601 3899 680 3960 iussa
701 3908 914 3974 contemnere,
936 3919 995 3960 nco
1015 3901 1115 3966 hhhas
1136 3903 1215 3964 illins
1236 3916 1358 3984 praece·
1400 3961 1403 3976 γ

316 4001 376 4086 ptis
392 3998 491 4081 Regis
499 3997 772 4079 Langobardorum
791 3997 844 4080 qui
865 3997 894 4058 ei
915 3996 976 4058 hoc
997 3999 1210 4082 imperaverat,
1233 3999 1358 4064 audebat
1402 3983 1403 3986 Ἴ

317 4102 466 4164 resistere.
479 4133 518 4148 -
551 4103 584 4158 Α.
607 4100 681 4158 755ι
704 4099 941 4160 carolomannus
953 4101 1133 4179 Monachus,
1152 4104 1250 4164 frater
1263 4097 1358 4186 negiu

317 4203 369 4284 qui
390 4225 460 4264 cum
471 4196 619 4270 Bertraslu
632 4199 747 4278 Regina
768 4199 799 4258 in
815 4199 933 4262 Vienna
954 4200 1076 4264 civitate
1088 4201 1242 4278 remansit,
1263 4198 1358 4281 prius-

274 4373 283 4386 ἱ
319 4322 409 4384 quam
419 4304 485 4368 Rex
499 4301 537 4364 de
551 4298 635 4364 Italia
658 4305 875 4380 reverteretur,
897 4300 985 4366 febre
1006 4311 1166 4386 correptus
1182 4301 1263 4364 diem
1276 4295 1357 4360 obiit·
