2870 5086
760 443 818 512 lo

235 613 409 691 Adnlharcl
435 616 492 690 bei
517 609 643 710 Pippiu
672 611 750 684 dem
775 610 914 708 Konigc
940 633 1006 683 von
1032 607 1161 698 ltalien,
1180 603 1341 707 Meginar
1422 609 1423 632 ¹

235 739 293 810 bei
317 733 467 830 Ludwig
498 757 565 804 von
600 727 826 829 Aquitanica,
860 743 1005 816 emanat
1023 730 1065 826 ¹).
1116 729 1218 804 Auch
1245 729 1340 804 blieb

235 851 464 933 fortwamend
489 845 660 959 zuischeri
686 851 755 924 ihm
782 851 854 924 und
878 850 1009 924 Lothar
1034 853 1089 927 eiu
1116 861 1342 924 vertrauteres

234 970 443 1051 Verhsltnils
461 971 506 1067 ²).
556 967 606 1044 Im
630 969 848 1045 institisse
874 969 948 1044 sich
968 967 1122 1074 Einhard
1148 999 1225 1046 zum
1236 971 1341 1046 Pres-

232 1096 339 1193 byter
360 1089 495 1164 weihen
509 1087 550 1182 ¹³)
582 1089 653 1162 und
679 1093 723 1162 im
749 1089 936 1188 folgenden
969 1091 1087 1163 wurde
1120 1119 1157 1164 er
1180 1091 1254 1166 Abt
1280 1093 1343 1165 des

233 1237 302 1284 von
327 1211 396 1284 ihm
422 1212 456 1281 iu
481 1205 719 1282 Ms'ihlenheim
745 1208 982 1308 gegrtindeten
1006 1209 1166 1285 Klosters
1181 1210 1343 1312 Soligen-

191 1359 194 1366 ·
234 1312 325 1412 sladt
342 1329 395 1430 ⁴),
420 1327 589 1402 nachdem
615 1354 653 1402 er
677 1331 752 1404 825
775 1331 894 1402 seinen
921 1329 1111 1427 damaligen
1136 1327 1249 1404 Notas
1271 1329 1344 1402 und

234 1497 434 1514 m

232 1595 337 1646 nostro
357 1583 510 1666 praedicto
530 1583 682 1645 Eiubardo
709 1595 740 1645 et
766 1586 886 1668 coniugi
912 1585 972 1645 eius
998 1564 1108 1645 Immae
1134 1585 1165 1644 in
1189 1585 1344 1665 proprium

233 1681 383 1762 perhanc
403 1691 522 1741 nostrae
543 1679 710 1766 donationis
735 1682 937 1742 auctoritatem
959 1682 1168 1755 concessimus,
1198 1681 1237 1740 ita
1257 1681 1343 1742 vide-

233 1777 367 1852 licet,'ut
386 1775 525 1856 quicquid
537 1776 573 1838 ab
590 1777 733 1838 hodierna
753 1776 801 1838 die
820 1776 851 1835 in
872 1775 1001 1838 lutsrrum
1021 1778 1056 1838 de
1077 1777 1233 1858 praedictis
1253 1775 1343 1837 rebus

234 1884 266 1934 et
284 1871 375 1947 locis,
393 1883 428 1932 ut
447 1874 483 1935 de
503 1868 563 1950 his,
593 1893 668 1953 quae
689 1875 725 1935 ad
746 1893 797 1934 eos
818 1873 979 1952 pertinent,
999 1873 1061 1934 iure
1082 1873 1277 1934 haereditario
1299 1873 1343 1932 Ia-

234 1989 302 2030 cere
321 1967 485 2043 voluerint,
505 1967 536 2026 in
558 1969 693 2030 omnibus
714 1970 866 2050 potiantur
885 1965 1007 2030 arbitrio
1028 1969 1171 2044 faciendi,
1197 1981 1226 2030 et
1246 1969 1343 2029 nullus

212 2055 216 2070 ⁸
234 2086 269 2125 ex
288 2063 423 2124 fidelibus
443 2073 559 2122 sanctae
579 2063 639 2125 Dei
658 2063 807 2125 Ecclesiae
829 2075 859 2123 et
878 2063 1000 2141 nostris,
1033 2065 1068 2124 de
1088 2064 1274 2144 praescriptis
1294 2083 1343 2124 re-

233 2160 304 2234 bus,
323 2169 487 2218 memorato
507 2157 587 2219 fideli
606 2169 709 2217 nostro
738 2169 768 2217 et
792 2157 913 2240 coniugi
937 2179 1005 2220 suae
1031 2181 1047 2219 a
1073 2159 1159 2220 nobis
1186 2160 1344 2234 concessis,

233 2253 343 2334 aliquid
368 2251 536 2314 abstrahere
562 2265 612 2314 aut
635 2254 769 2314 minuere
794 2263 905 2334 tentet,
935 2257 987 2316 sed
1012 2256 1101 2318 liceat
1127 2257 1168 2317 eis
1193 2255 1269 2336 ipsas
1296 2277 1344 2316 res

235 2348 336 2430 quiete
357 2347 466 2410 habere
487 2362 517 2410 et
535 2351 701 2432 possidere,
730 2361 760 2411 et
790 2349 837 2410 cui
862 2351 1026 2428 voluerint,
1057 2353 1120 2412 iure
1147 2349 1344 2412 haereditario

233 2444 411 2524 relinquere.
462 2447 502 2506 Et
521 2457 554 2505 ut
573 2447 645 2508 haec
665 2445 823 2507 auctoritas
843 2444 1007 2529 largitionis
1035 2458 1153 2506 nostrae
1174 2467 1228 2526 per
1248 2445 1344 2505 c'urri-

234 2540 298 2600 cula
318 2561 473 2617 annorum,
493 2541 696 2604 inviolabilem
716 2554 803 2620 atque
822 2541 1023 2602 inconvulsam
1039 2553 1186 2620 perpetuo
1207 2541 1345 2601 obtineat

233 2637 415 2712 firmitatem,
442 2649 473 2697 et
491 2658 508 2696 a
528 2634 664 2696 fidelibus
683 2637 808 2711 nostris,
833 2649 892 2700 tam
912 2636 1116 2718 praesentibus
1137 2655 1223 2715 mam
1244 2645 1274 2694 et
1294 2635 1342 2694 fu-

232 2735 315 2808 turis,
334 2753 386 2792 seu
407 2733 494 2793 etiarn
514 2753 531 2792 a
550 2729 767 2791 successoribus
787 2731 909 2806 nostris,
924 2743 945 2792 'a
965 2733 1051 2792 nobis
1071 2732 1147 2793 faeta
1159 2731 1255 2793 verius
1275 2751 1343 2790 cer-

230 2829 347 2908 tiusque
368 2829 519 2902 credatur,
539 2845 602 2885 eam
621 2845 710 2884 manu
729 2826 850 2908 propria
869 2826 1160 2906 subterfirmavimus,
1190 2837 1220 2887 et
1238 2827 1343 2886 annuli

233 2924 327 2988 nostri
345 2922 539 3004 impressione
559 2920 674 3004 signare
693 2922 834 2984 iussimus.

499 3041 928 3307 „05
1100 3037 1139 3092 ’·

230 3559 407 3622 Helisachar
430 3561 601 3641 recognovi·
930 3615 933 3622 ,

289 3657 367 3716 Data
386 3657 443 3716 III.
463 3656 532 3716 Idus
552 3654 690 3728 Ianuarii,
709 3675 800 3732 anno,
820 3655 940 3718 Christo
961 3657 1109 3738 propitio,
1129 3657 1225 3736 primo
1239 3656 1342 3738 Impe-

233 3753 271 3814 rii
280 3751 403 3812 Domini
413 3751 572 3815 Hludosici
584 3748 706 3830 piissimi
719 3751 909 3834 Imperatoris
921 3753 1056 3834 Augusti,
1074 3753 1241 3814 Indictione
1252 3753 1342 3814 VIII.

232 3849 340 3910 Actum
359 3845 539 3928 Aquisgrani
558 3845 668 3926 palatio
687 3845 790 3927 regio,
809 3847 840 3907 in
857 3848 916 3908 Dei
935 3849 1057 3910 nomine
1077 3839 1213 3910 feliciter.
1232 3849 1342 3912 Amen.

228 3973 271 3990 -
289 3942 394 4026 Vergl.
416 3939 485 4002 cod.
503 3939 621 4017 diplom.
641 3939 833 4004 Lamniana.
853 3941 878 4006 I.
899 3965 928 4023 p.
940 3952 986 4009 44.

294 4041 325 4116 ¹)
341 4034 444 4114 Erat,
463 4059 506 4114 op.
516 4043 564 4102 34.
584 4037 632 4116 (S.
652 4037 700 4098 die
717 4037 887 4122 Beilagen.)

293 4136 325 4212 ²)
341 4134 403 4211 Bp.
423 4139 469 4199 43.
489 4137 621 4199 ‹ts—oo.
686 4137 690 4148 '

293 4228 325 4304 ⁸)
344 4229 459 4291 Hister.
478 4228 611 4294 namtas.
629 4226 657 4310 §.
670 4236 716 4298 42.

291 4325 325 4401 ⁴)
343 4323 489 4390 Ehendas.
508 4321 537 4409 §t
549 4329 595 4392 69.
