2870 5086
709 495 713 502 .
751 425 756 438 Ι
782 402 842 473 ⁰⁰
922 419 925 435 '

259 597 323 644 nos
343 569 470 645 bellurn
497 579 630 642 constat
653 593 731 644 esse
755 569 901 659 finitum,
934 581 972 644 ut
997 571 1132 645 abieoto
1162 569 1361 646 daemonum

259 692 352 802 oultu
366 689 410 785 ¹),
434 700 470 763 et
493 689 622 763 relictis
645 691 764 786 patriis
793 691 1024 804 caerimoniis,
1059 689 1262 766 christianae
1285 691 1362 764 iidei

216 823 223 888 ἶ
257 824 360 910 etque
381 810 558 907 religionis
586 817 795 882 sacramenta
815 812 1039 908 susciperent,
1058 822 1093 882 et
1112 807 1257 888 Francis
1282 811 1363 888 adu-

256 933 336 1020 nati,
360 955 448 1003 unns
473 953 550 1002 oum
576 929 627 1000 eis
651 929 801 1027 populus
823 929 1091 1026 efficerentur-²).

700 1145 805 1224 Cur.
834 1147 925 1224 VIIL

355 1286 437 1362 Hoc
460 1285 553 1362 bello
566 1267 619 1384 8“),
651 1285 734 1360 licet
763 1290 967 1390 permultum
997 1288 1164 1386 temporis
1202 1292 1315 1388 spatio
1327 1287 1363 1398 ⁴)

256 1410 456 1498 traheretur,
483 1409 559 1506 ipse
584 1431 654 1478 non
681 1409 824 1506 amplius
851 1435 928 1482 oum
954 1407 1056 1480 hoste
1083 1431 1182 1509 quom
1207 1410 1262 1482 bis
1290 1411 1364 1482 acie

256 1529 416 1616 conflixit,
449 1525 557 1599 semel
588 1525 681 1598 iuxta
714 1540 881 1616 montem,
912 1529 971 1627 qui
999 1525 1203 1623 osnengir)
1231 1527 1365 1617 dicitur,

156 1707 160 1714 .
255 1653 290 1722 in
315 1651 395 1722 loco
422 1645 680 1743 Theotnellit)
705 1649 889 1736 nominato,
916 1660 951 1720 et
973 1650 1095 1722 itemm
1114 1646 1204 1744 apud
1222 1645 1367 1743 Hasa⁷)

168 1759 171 1768 ’
199 1762 202 1774 ’
254 1768 407 1854 fluvium,
441 1777 477 1838 et
507 1764 576 1838 hoo
600 1792 669 1838 uno
695 1789 813 1838 mense
839 1770 1028 1867 paucisque
1053 1770 1263 1865 interpositis
1289 1768 1368 1842 die·

253 1889 329 1962 bus.
378 1883 445 1958 His
469 1880 604 1957 duobus
629 1884 770 1981 proeliis
795 1885 914 1960 hostes
939 1885 1026 1960 adeo
1046 1885 1217 1985 profligati
1233 1913 1275 1960 ao
1304 1887 1367 1961 do-

254 2010 338 2081 victi
371 2015 467 2090 sunt,
498 2013 538 2072 ut
561 2003 710 2075 ulterius.
729 2029 846 2101 regem
872 2031 986 2105 neque
1010 2031 1216 2104 provocare,
1249 2031 1367 2107 neque

254 2127 407 2202 venienti
429 2122 601 2208 resistere,
626 2122 691 2192 nisi
717 2121 829 2222 aliqua
854 2125 926 2199 looi
940 2127 1129 2212 munitione
1146 2126 1281 2200 defensi
1308 2115 1367 2200 u‘u-

223 2267 231 2276 “
258 2243 387 2316 dorent
436 2237 562 2312 Plures
588 2251 701 2312 tamen
728 2265 771 2314 eo
792 2243 886 2318 bello
912 2255 979 2316 tem
1006 2270 1049 2320 ex
1064 2245 1368 2322 nobilitateFran-

255 2389 373 2436 oorum
411 2386 511 2460 quam
548 2356 741 2449 Saxonum,
781 2375 816 2436 et
848 2362 956 2436 functi
996 2369 1134 2438 summis
1164 2367 1368 2456 honoribus,
1422 2399 1423 2404 ¹

195 2569 197 2574 ¹
226 2479 317 2557 'viri
344 2483 513 2556 consumti
538 2492 628 2566 sunt,
653 2481 860 2582 tandemque
885 2509 973 2554 anno
1000 2487 1174 2556 tricesimo
1197 2489 1304 2560 tertio
1331 2488 1368 2560 fi-

252 2607 359 2678 nitum
385 2614 448 2689 est,
473 2627 550 2674 oum
576 2599 711 2672 interim
736 2611 860 2678 totae
892 2611 984 2674 tanta
1012 2603 1048 2674 in
1081 2602 1225 2678 diversis
1258 2619 1368 2682 terra-

252 2720 515 2819 rumpentibus
547 2717 639 2792 bella
672 2729 791 2790 eontra
822 2716 978 2794 Francos
1013 2733 1048 2796 ot
1081 2737 1198 2798 exorta
1230 2727 1304 2800 sint
1334 2737 1370 2800 et

253 2841 405 2914 sollertia
428 2839 522 2934 regis
547 2836 789 2926 administrata,
813 2850 852 2912 ut
873 2843 995 2914 merito
1017 2844 1228 2919 intuentibus
1245 2847 1284 2919 in
1305 2846 1371 2920 du-

252 2961 347 3036 bium
371 2957 489 3032 venire
511 2959 641 3057 possit,
671 2968 783 3032 utrum
814 2961 850 3036 in
884 2985 927 3034 eo
953 2973 1011 3035 aut
1043 2962 1197 3038 labomm
1228 2969 1370 3064 patieu-

334 3253 365 3327 ¹)
384 3250 443 3314 All.
463 3235 572 3311 abhas
592 3247 761 3309 doemonum
779 3249 904 3327 moitura,
926 3272 983 3333 qua
1002 3271 1076 3314 voce
1095 3253 1256 3336 scriptores
1275 3257 1370 3319 medii

253 3347 318 3408 aeri
337 3345 571 3426 frequentissime
591 3355 723 3404 utuntur.
762 3346 869 3406 Annsl.
895 3347 1020 3410 Lauriso.
1046 3353 1117 3418 792:
1146 3350 1288 3414 Saxones
1303 3353 1370 3430 ple·

249 3443 368 3504 nisam
385 3462 416 3502 ee
434 3439 476 3501 (ιᾶ
492 3442 634 3502 maltorum
651 3437 795 3500 idolorum
814 3455 1018 3510 converterent,
1055 3445 1171 3506 Alcuin.
1193 3465 1239 3526 ep.
1262 3455 1298 3514 7:
1318 3453 1371 3530 qui

247 3555 305 3687 glria·
329 3547 408 3688 gom
437 3534 655 3598 sollicitudinem
678 3534 715 3596 ab
744 3533 897 3598 idolatriae
926 3539 1040 3602 cultura
1067 3545 1196 3602 conversi
1219 3559 1301 3605 sum.
1330 3582 1371 3598 ι-

287 3648 326 3686 re
355 3648 408 3691 ow.

276 3691 286 3736 ‘
332 3723 364 3800 ²)
384 3724 473 3785 vnn.
492 3725 667 3807 ἤμων.
705 3761 744 3776 .-
785 3726 818 3804 ³)
838 3725 896 3786 nn.
915 3727 1026 3790 eume

330 3820 363 3897 ⁴)
379 3818 440 3886 All.
454 3841 512 3894 per·
529 3820 648 3880 multum
665 3822 800 3894 emporis
817 3826 951 3898 spotim

330 3917 364 4002 ξ)
381 3913 430 3973 ΑΙ.
454 3915 593 3992 Oenigni3
611 3914 659 3975 all.
678 3913 916 3994 Hmeggr‘3211.
935 3919 1051 3998 Neggi5
1070 3920 1118 3982 all.
1138 3919 1277 4004 ostede,-
1296 3929 1370 3990 reli-

273 4010 303 4070 ui
326 4008 461 4086 osneggi.

249 4031 272 4151 ·q
330 4101 438 4184 ⁰)n11.
461 4105 627 4180 Tremelli,
647 4102 810 4181 remant,
832 4103 1019 4188 ricomere,
1040 4107 1221 4187 mammete
1244 4112 1373 4178 Theoti·

250 4200 331 4280 nelli,
353 4199 540 4280 Thesunti,
561 4197 745 4276 murelli,
766 4197 968 4280 Thurinum,
991 4202 1165 4284 Titsmttt,
1183 4204 1372 4274 Thasoue.

329 4296 362 4374 ⁸¹)
381 4295 439 4359 Ali.
459 4302 532 4376 Asa,
557 4295 685 4372 vom,
705 4295 835 4374 Heroon
855 4297 963 4376 Arous,
981 4299 1077 4366 Horo.
