2870 5086
80 565 187 626 totam
209 551 390 628 Franciam
430 533 639 628 dominatum
669 558 746 632 eibi
761 537 975 632 vindicantes
1009 563 1192 662 oppressit,

79 685 114 744 et
141 640 357 748 Sarracenos
378 671 524 748 Galliam
552 702 723 777 occupare
754 687 925 750 tentantes
959 675 1093 754 duobus
1117 709 1188 754 ma-

75 794 154 888 gnis
178 795 342 891 praeliis,
351 820 419 866 uuo
446 797 481 866 in
506 793 692 894 Aquitania
724 796 844 898 apnd
836 795 917 869 Pict
903 800 1037 896 tavium
1044 801 1078 896 ¹)
1104 803 1187 874 civi-

74 924 190 1000 tatem,
216 913 323 990 altero
350 899 442 987 iuxta
466 911 676 1002 Narbonam,
701 915 793 1016 apud
817 913 950 990 Birram
967 917 1116 1006 llnvium,
1141 923 1188 995 ita
1268 919 1271 934 '

75 1031 215 1120 devicit
239 1045 278 1106 nt
302 1037 337 1106 in
349 1033 549 1132 Hispaniam
564 1059 625 1105 eos
649 1033 762 1106 redire
781 1037 1013 1133 compelleret,
1037 1037 1208 1112 eundem

18 1223 19 1240 q
72 1155 316 1248 magistratum,
340 1165 481 1252 apatre
493 1149 644 1252 Prpprno
662 1155 729 1227 sibi
747 1151 932 1244 dimissum,
949 1160 1098 1252 egregie
1124 1157 1243 1230 ad-

70 1275 291 1358 ministravit;
323 1273 380 1370 qni
413 1271 524 1346 honor
548 1299 618 1345 non
642 1267 721 1360 aliis
742 1301 761 1360 a
785 1275 916 1374 populo
939 1273 1010 1346 dari
1037 1300 1183 1350 consue-

71 1405 180 1481 verat,
207 1418 305 1492 quam
329 1390 383 1463 his
419 1395 478 1491 qui
511 1404 547 1465 et
580 1393 760 1466 claritate
756 1397 895 1506 generis
922 1397 957 1468 et
983 1421 1087 1494 opum
1113 1424 1182 1470 am-

70 1512 241 1612 plitudine
266 1510 411 1584 caeteris
433 1513 637 1585 eminebant

168 1629 274 1710 Hunc
299 1654 378 1702 oum
413 1613 602 1730 Pippinus,
631 1641 730 1730 pater
758 1627 878 1704 Karoli
902 1634 1012 1730 regia,
1044 1635 1086 1709 ab
1119 1659 1182 1708 avo

73 1766 106 1826 et
130 1765 230 1854 patre
257 1753 324 1824 sibi
350 1761 386 1822 et
410 1749 503 1822 lratri
526 1748 758 1821 Karlomanno
771 1751 938 1840 relictum,
964 1780 1182 1828 summacum

73 1897 113 1954 eo
140 1868 330 1945 concordia
355 1868 511 1957 divisum,
535 1870 666 1968 aliquot
690 1871 787 1940 annis
807 1869 901 1940 velut
921 1873 985 1944 sub
1003 1898 1087 1968 rege
1109 1867 1182 1945 me-

71 2004 202 2064 morato
228 1992 406 2076 tenuisset,
419 1969 533 2062 ⁴irater
546 1991 619 2062 eius
636 1987 896 2076 KarlomannuS,
920 1991 1089 2062 incertum
1107 1995 1182 2090 qui·-

18 2125 19 2128 ’
71 2111 134 2184 bus
162 2109 208 2182 de
234 2114 356 2198 causis,
381 2107 494 2181 tamen
519 2109 656 2182 videtur
682 2106 776 2208 qnod
806 2133 922 2181 amore
948 2093 1182 2183 conversatioss

73 2235 122 2304 nis
149 2231 436 2328 contemplativae
463 2255 662 2322 succensus,
692 2254 840 2325 operosa
860 2229 1057 2328 temporalis
1082 2235 1181 2328 regni
1290 2247 1295 2265 ¹

74 2343 365 2424 administratione
396 2335 531 2450 relicta,
566 2345 716 2420 Romam
746 2371 784 2418 se
820 2349 865 2420 in,
888 2351 995 2420 otium
1028 2351 1182 2436 contulit,

18 2505 20 2548 ÷
75 2472 190 2570 ibique
216 2468 335 2540 habitu
351 2479 543 2566 permutato
561 2466 749 2538 monachus
769 2464 890 2552 lactus,
915 2469 952 2538 in
972 2480 1089 2547 monte
1111 2467 1181 2542 So-

25 2578 28 2586 ’
75 2603 164 2664 racte
190 2587 283 2687 apud
308 2589 490 2662 ecclesiam
515 2590 626 2660 sancti
650 2583 812 2658 Silvestri
842 2596 1040 2658 constructo
1064 2613 1182 2660 mona·
1260 2585 1276 2650 ἶ

76 2713 188 2799 sterio,
215 2707 475 2780 cumfratribus
501 2732 619 2780 aecum
644 2703 690 2777 ad
710 2704 780 2777 hoc
793 2706 1011 2779 venientibus
1032 2732 1096 2806 per
1119 2708 1181 2779 ali·
1306 2719 1312 2738 '

77 2843 156 2928 quot
182 2818 291 2902 annos
315 2837 431 2926 optata
456 2827 572 2924 quiete
597 2823 788 2923 perfruitur.
826 2821 902 2898 Sed
923 2852 1001 2900 cum
1017 2851 1060 2900 ex
1070 2823 1181 2900 Frau-

77 2953 124 3022 oia
147 2949 247 3022 multi
272 2943 438 3020 nobilium
470 2939 516 3014 ob
541 2952 622 3011 vota
652 2942 815 3042 solvenda
838 2943 987 3028 Romam
1019 2945 1181 3017 solemni-

77 3059 126 3141 ter
150 3059 393 3152 commearent,
420 3073 456 3134 et
474 3086 564 3147 eum,
575 3057 671 3132 velut
689 3059 863 3134 dominum
881 3063 1052 3161 quondam
1065 3088 1181 3147 auum,

76 3191 260 3287 praeterire
285 3185 425 3269 nollent,
447 3183 560 3253 otium.
580 3205 649 3279 qno
670 3183 815 3262 maxime
837 3177 1080 3266 delectabatur,
1106 3203 1181 3250 cre-

76 3311 134 3382 bra
158 3307 363 3382 salutatione
388 3305 692 3398 interrumpentes,
721 3299 836 3372 l'ocum
870 3311 1002 3372 mutare
1028 3298 1180 3396 compel-

78 3427 153 3502 lunt.
204 3425 296 3501 Nam
328 3418 567 3496 huiuscemodi
601 3419 826 3517 frequentiam
860 3433 938 3490 cum
962 3444 1024 3491 sno
1050 3444 1180 3517 propo-

79 3551 139 3621 sito
165 3547 306 3621 officere
330 3541 483 3627 vidisset,
505 3537 625 3611 relicto
643 3549 772 3624 monte,
796 3539 831 3632 in
853 3525 1075 3630 Samnium2)
1099 3561 1180 3634 pro-

79 3667 220 3738 vinciam
246 3664 290 3744 ad
314 3661 557 3736 monasterium
591 3658 700 3727 nancti
725 3653 912 3732 Benedicti
936 3661 1038 3732 situm
1062 3657 1097 3727 in
1124 3677 1182 3725 oa-

26 3795 32 3820 ’
82 3795 145 3856 stro
172 3783 299 3860 Casino
311 3782 347 3877 ³)
372 3781 527 3867 secessit,
553 3788 589 3850 et
614 3777 672 3863 ibi,
696 3775 791 3874 quod
811 3779 978 3878 reliquum
998 3786 1070 3849 erat
1093 3785 1197 3855 tem-¹

82 3903 328 3996 poraliauitae,
349 3901 513 3999 religiose
539 3893 776 3972 conversando
802 3896 996 4004 complevit.

91 4087 282 4102 m

145 4143 680 4266 ¹¹)A1.Ptomtm;au.1³tcrmm.
718 4131 725 4140 ι
1025 4265 1031 4275 .

144 4281 439 4362 Ambisama.
477 4311 517 4330 -·
557 4274 947 4360 oruamentum·
1065 4365 1085 4378 .
