2834 5090
719 445 851 514 ·oo
947 423 953 458 “

266 615 380 710 filium,
402 609 609 711 Aquitaniae
633 635 775 709 regem,
803 613 862 711 qui
892 611 986 686 solus
1019 610 1172 692 filiorum,
1186 611 1359 713 Hildegar-

131 723 145 786 ἶ
268 735 331 810 dae
349 725 548 832 supererat,
583 733 800 830 congregatis
832 729 1044 806 sollemniter
1077 733 1121 806 de
1154 747 1229 808 toto
1259 760 1359 832 regno

264 849 475 927 Francorum
500 849 705 950 primoribus
725 851 769 943 ¹),
793 837 994 928 cunctorum
1010 853 1157 929 consilio
1172 866 1358 934 consortem

27 981 30 990 '
147 995 149 1002 ’
264 972 331 1046 sibi
359 973 464 1044 totius
492 972 591 1068 regni
625 980 660 1042 ct
691 969 874 1068 imperialis
907 971 1055 1045 nominis
1086 969 1251 1050 heredem
1282 999 1359 1047 cou-

263 1092 382 1177 stituit,
406 1092 639 1189 impositoque
665 1091 768 1186 capiti
795 1092 868 1164 eius
894 1088 1101 1179 diademate,
1123 1089 1358 1191 Imperatorem

239 1218 300 1285 ‘et
323 1203 519 1304 Angustum
543 1209 642 1280 iussit
666 1208 837 1308 appellari.
889 1205 1099 1308 Susceptum
1120 1223 1175 1284 est
1197 1211 1275 1284 hoc
1291 1213 1358 1284 eius

263 1327 443 1408 consilium
469 1328 512 1402 ab
540 1328 697 1401 omnibus
732 1330 790 1427 qui
816 1325 956 1402 aderant
980 1354 1104 1425 magno
1130 1355 1209 1411 cum
1232 1331 1359 1415 lavore3
1403 1375 1404 1384 κ

165 1451 172 1474 “
260 1474 337 1522 nam
365 1445 525 1524 divinitas
558 1449 590 1520 ei
622 1459 765 1546 propter
795 1445 942 1544 regum)
975 1448 1153 1522 utilitatem
1184 1447 1360 1525 videbatur
1403 1517 1404 1540 ἶ

260 1569 475 1664 inspiratum
510 1569 670 1666 auxitque
700 1569 912 1640 maiestatem
945 1569 1018 1642 eius
1045 1565 1114 1640 hoc
1148 1566 1290 1659 lactum,
1327 1578 1359 1640 et
1403 1579 1404 1650 g

253 1688 385 1761 exteris
410 1687 605 1760 nationibus
630 1711 708 1758 non
724 1688 897 1760 minimum
927 1688 1067 1760 terroris
1092 1689 1241 1762 incussit
1292 1685 1359 1761 Di·
1403 1717 1404 1764 l

166 1871 178 1880 .
258 1806 370 1878 misso,
394 1803 528 1878 deinde¹
546 1807 581 1878 in
613 1800 832 1904 Aquitaniam
870 1807 958 1894 filio,
999 1809 1075 1904 ipse
1114 1833 1209 1886 more
1249 1806 1358 1891 solito,

258 1927 411 2024 quamvis
437 1936 616 2000 senectute
644 1925 832 2011 conlectus,
857 1927 1077 2022 nonlongea
1095 1932 1190 2026 regia
1205 1923 1356 2026 Aquensi
1403 1909 1404 1968 ἶ

257 2058 415 2124 venatum
437 2045 682 2141 proficiscitur,
717 2054 908 2141 exactoque
933 2047 968 2118 in
993 2043 1233 2122 huiuscemodi
1254 2069 1356 2140 nego·

256 2165 307 2240 tio
332 2163 426 2260 quod
450 2162 619 2258 reliquum
653 2171 724 2234 erat
757 2165 927 2251 autumni,
960 2164 1052 2244 circa
1075 2163 1250 2242 Kalendas
1284 2161 1354 2237 No·
1403 2203 1404 2216 ,

254 2280 404 2378 vembris
417 2279 452 2377 ³)
473 2276 740 2380 Aquasgrani⁴)
766 2281 957 2354 revertitur.
1016 2279 1175 2385 Cumque
1200 2289 1249 2363 ibi
1275 2285 1354 2383 hye-

215 2389 230 2474 ⁸.
254 2396 419 2496 marett),
444 2425 563 2474 mense
587 2396 762 2490 Ianuario,
776 2399 874 2474 febre
901 2402 1012 2476 valida
1034 2420 1225 2505 correptus,
1254 2404 1351 2477 decu-

217 2558 220 2564 ’
253 2521 337 2597 buit
389 2517 607 2607 Qui-statim,
630 2529 668 2592 ut
694 2521 729 2598 in
754 2519 909 2594 febribus
933 2520 1087 2611 solebat,
1119 2526 1189 2600 cibi
1210 2527 1278 2602 sibi
1298 2523 1352 2594 ab·

48 2663 51 2674 ¹
142 2669 148 2680 ·
253 2641 446 2716 stinentiam
472 2639 603 2725 indixit,
629 2639 808 2712 arbitratus
833 2638 899 2712 hac
925 2644 1181 2742 continentia⁶)
1202 2644 1352 2720 morbum

251 2782 357 2856 posse
384 2755 512 2854 depelli
536 2757 593 2828 vel
615 2768 710 2828 certe
735 2759 899 2855 mitigari;
924 2761 989 2836 sed
1013 2760 1204 2838 accedente
1238 2761 1283 2836 ad
1305 2758 1351 2832 l·

251 2876 349 2958 brem
373 2876 488 2948 lateris
512 2874 654 2964 dolore,
681 2901 783 2976 quem
811 2876 939 2954 Graeci
969 2881 1143 2980 pleuresin
1178 2875 1351 2972 dicunt‘l),

238 2995 384 3094 ‘illoque
409 2993 522 3072 adhuc
553 2995 701 3071 inediam
720 3001 909 3090 retinente,
952 3025 1066 3102 neque
1100 3027 1229 3102 corpus
1260 3001 1352 3076 aliter
1403 2991 1404 2994 ’

196 3200 202 3228 t
251 3139 352 3216 quam
372 3115 543 3189 rarissimo
568 3131 656 3216 potu
673 3129 895 3206 sustentante,
915 3121 1063 3216 septimo
1084 3135 1268 3224 postquam
1294 3116 1350 3190 de-

251 3237 369 3310 cubuit
394 3234 462 3325 die,
484 3261 580 3309 sacra
607 3239 845 3309 communione
870 3252 1045 3338 percepta,
1072 3239 1240 3334 decessit,
1264 3258 1349 3312 anno

249 3357 370 3432 aetatis
390 3379 471 3428 suae
495 3357 749 3454 septuagesimo
774 3357 944 3447 secundo,
971 3371 1006 3434 et
1039 3385 1082 3434 ex
1107 3388 1176 3462 quo
1202 3376 1345 3461 regnat*e

135 3564 138 3568 p
250 3484 422 3572 coeperat,
448 3475 712 3573 quadragesimo
741 3479 905 3576 septimo,
930 3477 974 3554 V.
993 3475 1168 3556 Kalendas
1192 3481 1226 3558 F
1228 3482 1348 3556 obrua-

247 3594 290 3666 rii
303 3591 349 3688 ⁸),
373 3591 457 3666 horn
481 3591 549 3666 dici
575 3598 682 3670 tertia.

376 3891 434 3952 All.
448 3893 640 3970 ptincips‘bus.
679 3935 715 3949 --
757 3903 786 3978 ²)
805 3901 897 3962 Deest
915 3903 950 3968 in¹
967 3906 1014 3965 all.
1035 3907 1120 3968 codd.

376 3988 424 4050 nl.
443 3989 625 4052 Novom.
664 4027 702 4043 -
745 3996 776 4073 ⁴)
798 3995 874 4056 Cod.
893 3999 1024 4062 Vindob.
1044 4003 1240 4087 Aquisgraae

376 4085 424 4145 Al.
442 4081 620 4147 limmat
657 4121 696 4138 -
737 4091 769 4169 ⁶)
788 4091 847 4150 All.
864 4095 897 4152 tn
914 4091 977 4155 lac.
