2870 5086
608 464 668 536 01

84 627 184 720 tiam,
219 643 276 706 aut
312 631 510 708 felicitatem
542 619 659 731 potius
697 636 809 706 mirari
852 635 1039 707 conveniat
1099 629 1191 717 Nam

89 753 247 828 biennio'
253 765 332 826 ante
356 748 510 824 Italicum
540 751 610 824 lroc
640 751 772 826 bellum
795 755 914 826 sumsit
944 733 1129 842 exordium,
1155 766 1192 828 et

31 849 50 965 ',
90 889 165 946 oum
196 875 271 946 sine
301 873 559 945 intermissione
585 882 779 968 gereretur,
810 872 894 945 nihil
925 885 1038 946 tamen
1070 897 1114 946 ex
1137 873 1192 948 his

89 1015 174 1090 quae
200 993 326 1086 alicubi
353 1003 449 1064 erant
473 989 625 1088 gerenda
651 987 836 1078 dimissum,
861 1002 918 1064 aut
941 993 1009 1064 ulla
1033 993 1068 1064 in
1093 1004 1192 1091 parte

87 1113 128 1185 ab
162 1137 274 1212 acque
307 1117 456 1212 operoso
489 1113 673 1184 certamine
708 1122 878 1182 cessatum
913 1123 982 1197 est;
1020 1137 1097 1186 nom
1121 1137 1193 1201 rex,
1298 1153 1301 1160 ·

87 1234 237 1304 omnium
273 1235 331 1330 qui
364 1257 424 1304 sua
455 1241 565 1302 aetate
604 1230 765 1328 gentibus
797 1228 1056 1332 dominabantur
1069 1231 1118 1326 1),
1157 1243 1193 1304 et

84 1351 267 1446 prudentia
298 1353 460 1422 maximus
493 1362 528 1422 et
552 1352 654 1422 animi
683 1337 917 1446 magnitudine
944 1353 1193 1448 praestantissi-

85 1495 174 1555 mus,
200 1469 283 1540 nihil
308 1473 343 1542 in
368 1469 422 1542 his
447 1495 534 1568 quae
559 1471 615 1542 vel
642 1469 872 1566 suscipienda
893 1481 989 1556 erant
1012 1469 1069 1542 vel
1094 1494 1193 1544 exse-

87 1588 232 1686 quenda,
257 1603 315 1661 aut
338 1589 526 1686 propter²)
557 1590 710 1663 laborem
740 1589 987 1687 detractavit³)
1022 1601 1080 1662 aut
1109 1617 1193 1688 pro·
1277 1589 1281 1600 '

85 1721 164 1806 pter
189 1709 379 1808 periculum
406 1707 589 1796 exhormit,
623 1733 740 1780 rerum
766 1710 1035 1810 unumquodque
1068 1735 1192 1786 secun.

22 1849 23 1852 ’
87 1827 168 1902 dum
194 1853 288 1902 suam
315 1829 510 1926 qualitatem
536 1838 571 1900 et
598 1825 820 1920 subiro⁴)·et
844 1829 933 1900 lerre
960 1828 1101 1918 doctus,
1125 1855 1192 1902 nec

84 1949 119 2020 in
152 1933 305 2046 adversis
339 1947 484 2048 cedere,
515 1971 583 2018 nec
609 1949 657 2018 in'
675 1949 851 2046 prosperis
888 1946 976 2020 lalse.
1003 1949 1193 2026 blandienti

84 2052 247 2142 fortunae
266 2065 427 2142 adsentiri
440 2065 475 2162 ⁶)
501 2067 643 2140 solebat.
683 2119 685 2126 -

545 2287 649 2364 orn
680 2257 753 2362 ur)

190 2421 278 2499 Cum
304 2427 394 2498 eninr
420 2423 557 2498 assiduo
588 2453 629 2500 ac
656 2451 768 2524 paene
790 2428 953 2498 continuo
978 2451 1056 2498 cum
1083 2423 1193 2501 Saxo·-

87 2547 190 2620 nibus
217 2547 310 2620 bello
338 2557 538 2635 certaretur,
565 2547 741 2644 dispositis
772 2569 1018 2643 percongrua
1053 2549 1194 2622 conlini-

89 2693 185 2738 orum
213 2664 505 2764 looa¹praesidiis
530 2665 730 2766 Hispaniam
763 2691 862 2764 quam
891 2673 1036 2739 maximo
1058 2677 1195 2764 poterat

87 2787 168 2860 belli
196 2797 358 2884 apparatu
389 2786 612 2882 aggreditur,·
633 2787 788 2885 saltuque
818 2783 991 2884 Pyrenaei
1023 2800 1194 2886 superato,

88 2908 246 2979 omnibus
272 2929 359 3003 quae
384 2903 514 2978 adierat
539 2906 676 3002 oppidis
709 2917 811 3003 atque
845 2905 1035 3011 castellis
1026 2933 1062 2978 ru
1095 2902 1192 2979 dedi·

87 3028 218 3098 tionem
242 3037 365 3123 accept
366 3027 405 3110 is,
351 3023 524 3097 tsalvo
550 3034 585 3094 et
616 3022 779 3092 incolumi
813 3027 965 3096 exercitu
997 3029 1193 3116 revertitur3
1288 3107 1290 3115 Α

21 3235 22 3242 ¹
87 3158 225 3242 praeter
249 3145 376 3243 quod
367 3172 402 3216 rn
425 3145 502 3279 ipso
527 3136 734 3240 Pyrenaei
724 3165 806 3236 rugo
823 3138 1047 3214 Wasconiam
1062 3145 1097 3237 6)
1115 3169 1194 3241 per·
1307 3147 1318 3162 ⁸

88 3264 202 3338 fidiam
227 3287 409 3362 parumper
434 3263 469 3334 in
500 3259 678 3333 redeundo
711 3263 856 3356 contigit
888 3263 1042 3361 experiri
1103 3259 1194 3334 Nam
1231 3257 1234 3262 ’

90 3409 166 3458 oum
194 3385 330 3481 agmine
358 3377 484 3478 lon'go‚
512 3392 551 3452 ut
582 3379 651 3452 loci
685 3391 719 3452 ct
750 3383 980 3480 angustiarum
1005 3381 1089 3454 situs
1114 3379 1207 3481 per·v
1266 3373 1272 3382 ¹

87 3505 256 3591 mittebat,
280 3513 459 3601 porrectus
484 3502 548 3573 iret
570 3503 749 3589 exercitus,
773 3499 983 3589 wascones,
1007 3505 1043 3575 in
1061 3529 1193 3576 summo

87 3625 215 3695 montis
235 3624 364 3695 vertice
389 3612 511 3722 positis
537 3619 733 3692 insidiis-
756 3632 808 3693 est
830 3624 920 3695 enim
933 3623 1031 3695 locus
1056 3648 1193 3723 exopa-

90 3743 194 3816 nitate
227 3743 401 3830 silvarum,
434 3766 572 3840 quarum
605 3740 653 3813 ibi
682 3743 825 3855 marimo
849 3756 903 3818 est
899 3747 1038 3850 copia,
1062 3744 1194 3818 insidiis

93 3892 295 3910 w

53 3989 127 4030 '=
221 3978 584 4096 Alldomtoodatma-
624 3978 801 4057 uuum.
