2832 5088
712 383 719 395 ‘'
778 395 865 464 aaa

273 567 333 631 Die
362 567 432 630 bier
460 563 619 630 erwbbnte
646 563 827 626 Gr's'snafeste
853 559 1023 622 Hocbbucbi
1037 563 1126 629 ‘wind
1153 584 1215 628 von
1245 565 1376 650 einigen‚

276 665 463 730 namentliah
485 663 685 727 von'Bolland
706 665 758 726 fiir
773 663 935 746 Hambnrg
957 662 1114 744 gebalten:
1137 665 1219 728 nach
1241 667 1374 730 anderen

273 769 313 831 ist
334 789 364 829 ss
387 765 537 836 Buclsberg
558 763 694 840 (Robora)
716 787 754 826 an
778 765 834 828 der
852 765 930 825 Bille
952 765 983 825 in
1006 763 1062 826 der
1075 765 1161 828 N'abe
1182 765 1271 830 ihrer
1286 771 1374 830 Milo·
1403 810 1404 834 r

275 869 358 950 dung
392 867 424 927 in
459 867 508 928 die
543 865 621 928 Elbe
656 867 694 938 (s.
724 886 748 925 v.
777 863 964 936 bedebur,
997 862 1146 923 Krs'tsisclse
1173 865 1375 940 Belauclrtung,
1403 849 1404 936 l

273 969 304 1030 S.
328 969 387 1030 181
410 965 527 1046 folgd.),
549 965 630 1028 nach
651 964 799 1044 Psister
820 957 1193 1040 (Gescl.der'110utsmm,
1215 969 1238 1047 1,
1260 969 1290 1030 S.
1306 971 1374 1044 432]
1403 961 1404 972 ¹

274 1066 393 1128 Baeton
414 1065 530 1130 unweit
550 1068 746 1150 Lauenbnrg.·

261 1209 271 1227 u
354 1171 447 1248 primo
469 1167 625 1246 piraticam
652 1161 841 1248 exercentes]
870 1165 979 1228 Ueber
1006 1164 1056 1227 die
1078 1165 1281 1249 angeblicben
1306 1170 1375 1232 See-

277 1269 461 1334 r'anbereien
484 1270 541 1332 der
561 1271 671 1331 Dbnen
691 1268 789 1351 pergl.
813 1267 872 1328 den
891 1266 1013 1326 Anisata
1035 1286 1096 1328 von
1111 1264 1147 1324 Η
1151 1270 1329 1340 egemiscls
1348 1272 1374 1332 in

275 1371 348 1435 dem
369 1382 471 1434 ersten
493 1370 668 1454 Jabrgange
690 1369 743 1431 des
764 1365 1017 1439 Gemes'um‘s'tn'gen
1031 1363 1188 1424 deutschen
1207 1366 1374 1443 Mugazin’s.

311 1515 315 1524 ,
361 1471 487 1532 Frisium
508 1491 618 1551 quoque
640 1515 737 1532 .....
759 1463 950 1548 aestimabat]
972 1469 1035 1528 Des
1056 1467 1221 1541 Tribntea,
1242 1472 1375 1534 walchen

276 1570 434 1638 Gottfried
457 1573 517 1634 den
540 1569 667 1634 Friesen
688 1571 867 1653 anlerlegte,
889 1567 1025 1652 gedenbt
1043 1566 1144 1626 Saxo
1161 1567 1376 1630 Graes-muti.

277 1693 356 1745 cue,
387 1671 464 1734 Ilist.
487 1672 565 1734 Dan.
595 1671 681 1749 VIII,
711 1672 770 1749 47,
797 1691 829 1752 p.
852 1655 914 1732 288
943 1669 1011 1743 (der
1030 1669 1171 1753 Ausgabe
1192 1668 1374 1742 von'Klotu,
1405 1672 1406 1758 l

276 1775 402 1858 Leipzig
425 1775 522 1851 1771,
544 1761 585 1849 4.)
629 1771 784 1834 lobectze
806 1771 973 1852 diagonus
995 1769 1104 1848 Stella,
1126 1771 1246 1834 welche
1267 1771 1300 1834 in
1322 1773 1374 1834 Be·

267 1897 336 1958 ⁸ang
358 1876 414 1937 anf
431 1874 482 1936 die
508 1873 566 1934 nait
586 1873 665 1934 Karl
694 1873 766 1935 dem
788 1872 920 1934 Grolsen
948 1869 1114 1952 gefnbrten
1137 1871 1255 1956 Kriege
1283 1873 1375 1955 einige
1405 1907 1406 1914 κ

278 1973 550 2056 Unricbtiglxoiten
573 1973 708 2044 entbblt,
730 1969 873 2034 bierber:

158 2063 160 2074 ’
219 2121 223 2135 s
321 2075 442 2137 Accidit
463 2075 594 2145 interea,
615 2083 651 2136 u't
673 2094 725 2136 rex
738 2073 941 2148 Francorum,
963 2071 1099 2150 Carolus,
1119 2079 1280 2134 contusam
1301 2073 1375 2136 bello

323 2174 521 2238 Germaniam
543 2194 605 2233 non
635 2173 734 2235 solnm
761 2170 986 2234 Christianismi
1012 2193 1099 2234 sacra
1125 2173 1300 2256 suscipere,
1330 2175 1376 2236 sed

322 2275 417 2338 etiam
437 2267 547 2334 ditioni
569 2293 640 2333 suae
661 2291 772 2353 parere
794 2272 1003 2354 compelleret.
1040 2273 1111 2352 Quo
1123 2283 1298 2358 comperto,
1319 2277 1377 2336 Go-
1406 2287 1407 2316 ¹

320 2376 417 2439 tricus
441 2372 585 2435 finitimas
607 2373 714 2434 Albiae
736 2383 842 2456 gentes
865 2373 1001 2452 adortus,
1024 2373 1186 2436 saxoniam
1209 2385 1377 2458 susceptum

315 2475 424 2544 ‚Caroli
445 2474 550 2554 iugum
572 2474 713 2556 cupidius
735 2475 974 2557 amplexantem,
996 2496 1031 2536 ac
1053 2477 1192 2536 Romana
1214 2497 1300 2536 arma
1319 2479 1378 2536 Dn-

322 2577 399 2640 nicis
417 2578 655 2658 praeferentem,
678 2575 717 2636 ad
737 2576 903 2656 pristinam
917 2573 1006 2656 regni
1028 2575 1074 2636 sui
1096 2576 1220 2636 titulum
1236 2597 1377 2638 revocare
1407 2613 1408 2616 =

324 2675 472 2741 tentabat.
528 2677 599 2755 Quo
635 2685 777 2756 tempore
805 2675 931 2737 Carolus
959 2675 1099 2738 victricia
1128 2685 1214 2738 trans
1241 2678 1377 2740 Rbennrn

325 2788 425 2844 castra
456 2783 631 2858 receperat;
669 2775 803 2859 ideoque
835 2776 875 2838 nb
910 2775 1047 2840 advenae
1079 2776 1175 2840 hostis
1208 2799 1378 2862 congressu,

324 2875 455 2961 perinde
482 2897 518 2936 ac
552 2873 638 2936 fluvii
669 2875 835 2938 interstitio
864 2878 997 2956 vetitus,
1028 2878 1230 2960 temperabat.
1285 2879 1378 2956 Quem

306 2999 419 3062 rquum
442 2976 481 3037 ob
504 2995 553 3036 res
565 2976 686 3037 Gotrici
705 2977 953 3059 comprimendas
974 2979 1087 3040 iterato
1101 2987 1291 3043 transmeare
1307 3001 1378 3062 pro-

324 3087 470 3163 poneret,
503 3079 645 3140 aLeone
667 3080 879 3140 Romanorum
900 3079 1052 3142 Pontifioe
1079 3079 1111 3138 in
1139 3080 1224 3141 urbis
1252 3080 1378 3142 tuendae

324 3179 512 3262 praesidium
539 3179 703 3241 accersitus
731 3178 877 3240 mandato
902 3180 1023 3261 paruit:
1059 3179 1124 3240 filio
1151 3201 1227 3242 vero
1251 3180 1377 3262 Pippioo

323 3280 452 3363 gerendi
474 3279 637 3340 adversum
659 3277 822 3341 (tetricum
842 3279 916 3341 helli
938 3290 1041 3364 partes
1063 3281 1229 3355 commisit;
1255 3290 1290 3342 nt
1310 3280 1378 3342 dum

326 3381 390 3460 ipse
412 3381 444 3440 in
461 3379 664 3462 longinquum
680 3378 802 3441 bostem
819 3390 936 3464 ageret,
958 3381 1009 3442 hic
1031 3382 1298 3448 contra.vicinnm
1318 3402 1378 3440 sus-

324 3488 450 3562 ceptum
470 3501 592 3562 pugnae
614 3480 769 3560 negotium
789 3489 984 3562 procuraret.
1034 3481 1209 3564 Oportebat
1231 3482 1326 3558 enim,
1347 3489 1378 3540 ut

325 3580 446 3658 gemina
473 3601 619 3642 curarum
640 3579 791 3640 anxietate
813 3579 993 3658 distraetus,
1026 3603 1130 3664 sparsa
1156 3603 1251 3644 manu
1279 3590 1378 3662 aptum

326 3679 451 3760 utrique
472 3679 643 3742 remedium
663 3679 852 3762 provideret.
895 3681 1017 3742 Interea
1039 3683 1196 3752 Gotricns‚
1217 3683 1378 3765 speciosam

327 3799 364 3840 ex
384 3777 551 3848 saxonibus
574 3779 736 3842 victoriam
762 3781 916 3858 referens,
943 3781 1110 3842 contractis
1132 3781 1235 3843 denuo
1257 3780 1377 3849 viribus,

328 3899 365 3941 ac
385 3877 590 3960 frequentiori
611 3880 771 3962 copiarum
792 3881 908 3942 robore
930 3890 1125 3964 comparato,
1153 3903 1215 3942 noo
1238 3882 1269 3942 in
1291 3881 1380 3942 Saxo-

327 3997 382 4042 nes
403 3975 513 4054 modo,
541 4000 650 4042 verum
676 3981 708 4041 in
735 4002 859 4043 omnem
880 3981 1065 4044 Germaniae
1085 3982 1236 4063 populum
1257 3980 1378 4042 amissae

326 4078 543 4142 dominationis
564 4078 708 4142 iniuriam
730 4082 836 4144 ulcisci
858 4069 1026 4144 constitnit.
1068 4084 1113 4142 Ac
1134 4082 1238 4162 primo
1260 4080 1378 4164 andem

327 4180 422 4242 classe
440 4179 581 4269 ¹Ii'resiam
602 4178 714 4242 domat.
753 4183 841 4261 Quae
861 4181 1022 4264 provincia
1045 4182 1213 4244 admodum
1239 4183 1299 4246 situ
1323 4179 1380 4240 bu-

328 4279 421 4358 milis,
455 4279 573 4362 quotics
600 4280 753 4347 saeviente
775 4284 901 4348 Oceano
924 4283 1046 4349 obiecta
1067 4281 1212 4348 fluctibus
1235 4279 1379 4346 aestuaria
