2832 5088
556 391 659 492 'lea'

92 597 200 654 tenorc‘
227 593 417 674 conscriptos
441 589 515 652 'ficri
543 589 717 670 praecepit:
754 609 851 674 unum
883 589 913 648 in
934 589 1048 670 palatio
1068 590 1145 651 reti-

90 693 237 767 nendum;
277 693 370 752 alium
401 691 541 773 praefato
562 688 753 760 Tnassiloni,
786 698 821 751 ut
842 709 946 784 secum
963 689 1092 752 haberet
1112 691 1143 750 in

88 795 290 880 monasterio,
319 791 469 864 dandum3
496 791 624 852 tertium
651 811 726 852 vero
748 790 780 850 in
801 791 881 852 sacri
902 789 1007 871 palatii
1028 787 1144 871 'capella

89 893 322 957 recondendum
342 893 409 954 fieri
431 891 1180 957 iussit..

51 991 78 1050 S.
100 991 241 1064 Laden,
267 992 437 1054 Gesclicite
456 989 513 1058 des
532 987 688 1048 deutschen
716 985 827 1068 Voles
849 991 902 1067 lV,
924 993 955 1052 S
977 991 1081 1052 390ss
1103 1023 1145 1034 --

49 1091 154 1154 Ueber
174 1093 313 1155 Thassilo
335 1082 431 1174 vergi.
455 1090 581 1152 nochv.
604 1089 719 1162 burg,
742 1037 867 1148 Buieins
886 1089 1050 1163 Gnaeus.
1073 1092 1123 1152 52

120 1188 193 1269 filia
215 1191 364 1252 Desiderit
381 1186 477 1272 regis]
498 1193 628 1252 Namens
652 1188 819 1264 liutberga.

15 1317 16 1320 ¹
128 1293 279 1352 comitibus
300 1291 344 1349 ad
361 1291 515 1376 reflandam
536 1293 687 1350 commissa
708 1287 772 1373 est]
788 1291 892 1372 Vergl.
908 1287 1032 1349 Wiener
1041 1288 1143 1352 tant.

47 1390 99 1452 Bd.
122 1395 193 1471 XL,
212 1395 283 1454 Anz.
306 1390 352 1453 Bl.
375 1393 406 1454 S.
421 1393 451 1453 2.
472 1423 517 1436 ·-
538 1395 659 1474 Geriigt
679 1393 758 1453 mnis
781 1413 811 1453 es
833 1390 969 1468 werden,
992 1391 1056 1452 dass
1067 1389 1144 1466 Ein-

46 1488 124 1554 hard
146 1493 226 1555 iiber
242 1493 295 1556 das
313 1491 643 1556 SchicksulThassilo's
665 1513 698 1552 so
720 1491 816 1554 leicht
836 1492 1043 1575 binweggebt,
1063 1491 1145 1554 ohne

47 1591 98 1653 des
120 1595 325 1676 eigeutlicben
347 1597 505 1675 Ansgangs
527 1591 585 1654 der
606 1592 706 1654 Sache
729 1594 826 1654 naher
847 1617 885 1657 au
906 1592 1077 1676 gedenkeu.

370 1925 675 2002 KAPITEL
723 1925 824 2000 Xll.

40 2156 45 2174 .
127 2113 235 2174 Ueber
257 2111 307 2172 die
322 2105 456 2172 Wilzen'
469 2121 536 2196 sagi
553 2113 730 2184 Meibom,
757 2111 840 2175 Orat.
863 2113 900 2172 de
920 2115 1031 2184 origne
1043 2111 1144 2172 Helm-

45 2211 137 2271 stndit
157 2214 187 2274 in
210 2211 314 2284 Scrbt.
336 2230 393 2270 rer.
419 2211 592 2282 Germanic,
610 2215 670 2276 vol.
694 2217 746 2292 ΙΙΙ,
762 2238 793 2297 p.
816 2215 892 2275 226:

84 2313 185 2373 Condi
225 2311 361 2392 coepisse
401 2311 551 2372 scribitur
585 2313 827 2376 Helmestadium
866 2337 949 2376 anno.
980 2314 1145 2376 Salvatoris
1257 2349 1260 2358 ·

84 2413 346 2488 DCCLXXXIX,
368 2431 430 2493 quo
451 2420 592 2494 ternpore
614 2413 747 2474 Karolus
769 2416 916 2497 Magnus,
944 2413 976 2473 id
998 2415 1145 2494 temporis

90 2513 252 2575 Gallorum
275 2515 563 2593 Germanorumque
585 2513 658 2586 Rex,
681 2523 712 2574 et
732 2515 824 2595 paulo
845 2521 915 2594 post
935 2515 1146 2576 Romanorum

85 2617 259 2697 Imperator
281 2615 442 2693 Augustus,
464 2613 580 2673 bellum
602 2611 705 2673 intulit
729 2610 776 2668 W
779 2614 883 2683 iltis,
913 2634 967 2673 seu
989 2623 1023 2674 ut
1043 2615 1145 2674 Fran-

86 2715 146 2775 cici
174 2715 315 2774 scribunt
335 2712 466 2772 Annales
496 2721 527 2774 et
549 2711 615 2773 Ado
637 2712 834 2796 Viennensis,
866 2711 998 2773 Vultis.
1047 2715 1146 2777 Erant

87 2815 121 2874 bi
144 2805 308 2889 ex'Slnvis,
330 2821 421 2892 gente
442 2812 514 2872 olim
538 2821 569 2872 et
591 2825 673 2873 nunc
693 2835 817 2897 quoque
836 2815 1054 2895 potentissima.
1082 2815 1146 2878 Ve-

83 2925 167 2977 teres
184 2911 296 2976 Graeci
318 2913 527 2972 Sauromatas:
549 2913 680 2972 Romani
694 2915 846 2975 Sarmatas
867 2925 1027 2976 vocarunt.
1063 2919 1143 2977 Ger-

83 3007 182 3078 manis
211 3023 282 3076 sunt
307 3009 354 3068 W
356 3009 489 3082 endan,
525 3032 601 3093 quos
638 3014 806 3075 lornandes
826 3016 966 3078 Winidas
994 3017 1141 3078 nominat.

85 3117 179 3178 Notio
202 3112 421 3174 Wilzorum
398 3135 462 3174 s1ne
485 3112 581 3174 dubio
603 3121 686 3174 esta
713 3110 760 3168 W
761 3110 826 3184 ιΙΙι
847 3115 950 3196 lupus;
974 3117 1103 3178 forsitan
1125 3139 1144 3178 a

85 3215 227 3278 moribus
255 3213 412 3290 barbaris,
446 3232 500 3274 seu
525 3211 731 3274 latrocinandi
763 3223 794 3274 et
827 3215 998 3296 praedandi
1030 3216 1141 3280 studio.

83 3315 220 3396 Propria
243 3294 345 3405 lingna
365 3313 523 3373 Welatabi
544 3305 815 3395 nuncupabantur.
837 3338 855 3376 a
876 3315 1029 3378 nonnullis
1050 3316 1143 3378 etiam

83 3417 204 3492 Lutici,
236 3424 271 3474 ut
300 3413 384 3474 testis
414 3414 570 3474 aimoinus
603 3413 788 3492 monachus,
822 3437 927 3477 rerum
955 3417 1143 3480 Gallicarum

85 3519 231 3600 scriptor.
269 3513 476 3576 Helinoldnsa
497 3513 679 3574 fortitudine
693 3514 864 3575 nominatos
881 3515 1035 3578 adfirmet:
1058 3517 1142 3602 quod

84 3617 225 3697 intelligo
253 3615 292 3676 dc
320 3613 511 3675 Luticiorum
538 3615 706 3690 vocabulo,
740 3611 896 3698 quod“ud
923 3619 1141 3681 Germanicum

85 3717 197 3785 Lent,
226 3737 287 3797 quo
306 3716 365 3775 viri
384 3715 603 3798 significantur,
626 3713 742 3774 alludit.
785 3717 974 3798 Praepotens
996 3702 1077 3795 erui,
1106 3729 1141 3779 ut

87 3817 158 3894 dixi,
180 3815 258 3875 baec
276 3815 370 3891 natio,
392 3825 423 3875 et
439 3837 500 3874 non
518 3815 618 3876 minus
641 3796 854 3893 cumFrancis,
878 3839 968 3900 quam
988 3839 1058 3880 cum
1075 3795 1142 3879 aliis

86 3917 224 3978 finitimis
245 3915 326 3976 bella
359 3917 503 3996 gerebat,
536 3915 613 3975 adco
635 3925 670 3976 ut
691 3916 782 3976 etiam
804 3937 991 3998 congeneres
1012 3915 1141 3978 subinde
1196 3973 1200 3986 ,

86 4019 193 4078 Slnvos
222 4017 389 4076 infestaret.
438 4013 530 4075 Unde
559 4015 676 4092 evenit,
709 4024 745 4076 ut
770 4037 841 4078 etim
868 4020 999 4079 Karalus
1028 4017 1141 4077 bellurn

86 4118 194 4178 Wilais
215 4115 377 4192 indiceret,
399 4114 472 4176 odio
495 4115 591 4196 gentis
614 4115 856 4196 immanissimae,
877 4127 1001 4200 praeter
1017 4116 1138 4194 Frisios,

85 4219 239 4294 Francos,
268 4225 311 4294 el
325 4215 471 4291 Saxones,
501 4213 592 4274 etiarn
622 4236 657 4274 cu
679 4215 773 4278 Slavis
796 4218 906 4278 Sorabi
927 4225 963 4276 et
991 4216 1137 4295 Obotriti,
1248 4220 1254 4228 “

88 4327 186 4380 castra
210 4316 294 4398 regia
316 4316 376 4376 sint
398 4313 542 4376 comitati.
