<?xml version="1.0" encoding="UTF-8"?>
<!DOCTYPE html PUBLIC "-//W3C//DTD XHTML 1.0 Transitional//EN"
    "http://www.w3.org/TR/xhtml1/DTD/xhtml1-transitional.dtd">
<html xmlns="http://www.w3.org/1999/xhtml" xml:lang="en" lang="en">
 <head>
  <title>
</title>
<meta http-equiv="Content-Type" content="text/html;charset=utf-8" />
  <meta name='ocr-system' content='tesseract 3.04.00' />
  <meta name='ocr-capabilities' content='ocr_page ocr_carea ocr_par ocr_line ocrx_word'/>
</head>
<body>
  <div class='ocr_page' id='page_1' title='image "./lebenundwandelk01egingoog_0120.png"; bbox 0 0 2834 5090; ppageno 0'>
   <div class='ocr_carea' id='block_1_1' title="bbox 323 564 1367 672">
    <p class='ocr_par' dir='ltr' id='par_1_1' title="bbox 323 564 1367 672">
     <span class='ocr_line' id='line_1_1' title="bbox 323 564 1367 672; baseline -0.007 -24"><span class='ocrx_word' id='word_1_1' title='bbox 323 601 395 664; x_wconf 85' lang='lat' dir='ltr'>cus,</span> <span class='ocrx_word' id='word_1_2' title='bbox 419 567 579 646; x_wconf 81' lang='lat' dir='ltr'><strong>Iuvavum</strong></span> <span class='ocrx_word' id='word_1_3' title='bbox 605 595 692 672; x_wconf 87' lang='lat' dir='ltr'>quae</span> <span class='ocrx_word' id='word_1_4' title='bbox 715 582 752 645; x_wconf 90' lang='lat' dir='ltr'>et</span> <span class='ocrx_word' id='word_1_5' title='bbox 783 568 969 668; x_wconf 85' lang='lat' dir='ltr'>Salzburg,</span> <span class='ocrx_word' id='word_1_6' title='bbox 1001 568 1163 644; x_wconf 78' lang='lat' dir='ltr'>Treveris</span> <span class='ocrx_word' id='word_1_7' title='bbox 1178 565 1229 662; x_wconf 87' lang='lat'>¹),</span> <span class='ocrx_word' id='word_1_8' title='bbox 1260 564 1367 643; x_wconf 86' lang='lat' dir='ltr'>Seno·</span> 
     </span>
    </p>
   </div>
   <div class='ocr_carea' id='block_1_2' title="bbox 254 685 1369 790">
    <p class='ocr_par' dir='ltr' id='par_1_2' title="bbox 254 685 1369 790">
     <span class='ocr_line' id='line_1_2' title="bbox 254 685 1369 790; baseline -0.009 -20"><span class='ocrx_word' id='word_1_9' title='bbox 254 733 255 740; x_wconf 43' lang='lat'>¹</span> <span class='ocrx_word' id='word_1_10' title='bbox 319 705 401 781; x_wconf 87' lang='lat' dir='ltr'>nes,</span> <span class='ocrx_word' id='word_1_11' title='bbox 434 690 624 776; x_wconf 81' lang='lat' dir='ltr'><strong>Vesontio,</strong></span> <span class='ocrx_word' id='word_1_12' title='bbox 666 687 892 790; x_wconf 81' lang='lat' dir='ltr'>Lugdunum,</span> <span class='ocrx_word' id='word_1_13' title='bbox 927 687 1157 788; x_wconf 82' lang='lat' dir='ltr'>Rotomagus,</span> <span class='ocrx_word' id='word_1_14' title='bbox 1194 685 1369 779; x_wconf 51' lang='lat' dir='ltr'>Remu),</span> 
     </span>
    </p>
   </div>
   <div class='ocr_carea' id='block_1_3' title="bbox 187 801 1370 898">
    <p class='ocr_par' dir='ltr' id='par_1_3' title="bbox 187 801 1370 898">
     <span class='ocr_line' id='line_1_3' title="bbox 187 801 1370 898; baseline -0.005 -12"><span class='ocrx_word' id='word_1_15' title='bbox 187 879 190 886; x_wconf 93' lang='lat'>.</span> <span class='ocrx_word' id='word_1_16' title='bbox 236 859 239 866; x_wconf 93' lang='lat'>·</span> <span class='ocrx_word' id='word_1_17' title='bbox 321 811 509 898; x_wconf 68' lang='lat' dir='ltr'>Arelasrt,</span> <span class='ocrx_word' id='word_1_18' title='bbox 543 805 696 898; x_wconf 80' lang='lat' dir='ltr'>Vienna,</span> <span class='ocrx_word' id='word_1_19' title='bbox 729 809 949 896; x_wconf 81' lang='lat' dir='ltr'>Darantasia,</span> <span class='ocrx_word' id='word_1_20' title='bbox 979 809 1223 896; x_wconf 81' lang='lat' dir='ltr'>Ebrudunum,</span> <span class='ocrx_word' id='word_1_21' title='bbox 1248 801 1370 882; x_wconf 81' lang='lat' dir='ltr'>Bmdi-</span> 
     </span>
    </p>
   </div>
   <div class='ocr_carea' id='block_1_4' title="bbox 280 927 1370 1031">
    <p class='ocr_par' dir='ltr' id='par_1_4' title="bbox 280 927 1370 1031">
     <span class='ocr_line' id='line_1_4' title="bbox 280 927 1370 1031; baseline -0.01 -24"><span class='ocrx_word' id='word_1_22' title='bbox 280 1013 282 1022; x_wconf 61' lang='grc'>,</span> <span class='ocrx_word' id='word_1_23' title='bbox 324 935 409 1031; x_wconf 84' lang='lat' dir='ltr'>gala,</span> <span class='ocrx_word' id='word_1_24' title='bbox 440 928 610 1014; x_wconf 79' lang='lat' dir='ltr'>Turones,</span> <span class='ocrx_word' id='word_1_25' title='bbox 635 927 822 1028; x_wconf 85' lang='lat' dir='ltr'>Bituriges.</span> <span class='ocrx_word' id='word_1_26' title='bbox 872 927 985 1004; x_wconf 85' lang='lat' dir='ltr'>Unius</span> <span class='ocrx_word' id='word_1_27' title='bbox 1010 945 1123 1004; x_wconf 89' lang='lat' dir='ltr'>autem</span> <span class='ocrx_word' id='word_1_28' title='bbox 1152 931 1370 1029; x_wconf 80' lang='lat' dir='ltr'>partis.quam</span> 
     </span>
    </p>
   </div>
   <div class='ocr_carea' id='block_1_5' title="bbox 201 1047 1371 1147">
    <p class='ocr_par' dir='ltr' id='par_1_5' title="bbox 201 1047 1371 1147">
     <span class='ocr_line' id='line_1_5' title="bbox 201 1047 1371 1147; baseline -0.007 -22"><span class='ocrx_word' id='word_1_29' title='bbox 201 1069 220 1146; x_wconf 54' lang='lat' dir='ltr'>J</span> <span class='ocrx_word' id='word_1_30' title='bbox 322 1057 489 1147; x_wconf 87' lang='lat' dir='ltr'>integram</span> <span class='ocrx_word' id='word_1_31' title='bbox 514 1053 678 1122; x_wconf 81' lang='lat' dir='ltr'>reservari</span> <span class='ocrx_word' id='word_1_32' title='bbox 703 1052 821 1135; x_wconf 90' lang='lat' dir='ltr'>voluit,</span> <span class='ocrx_word' id='word_1_33' title='bbox 845 1051 920 1122; x_wconf 91' lang='lat' dir='ltr'>talis</span> <span class='ocrx_word' id='word_1_34' title='bbox 949 1061 1003 1122; x_wconf 90' lang='lat' dir='ltr'>est</span> <span class='ocrx_word' id='word_1_35' title='bbox 1026 1053 1133 1139; x_wconf 74' lang='lat' dir='ltr'>ratio,</span> <span class='ocrx_word' id='word_1_36' title='bbox 1147 1063 1186 1124; x_wconf 93' lang='lat' dir='ltr'>ut</span> <span class='ocrx_word' id='word_1_37' title='bbox 1203 1051 1271 1126; x_wconf 88' lang='lat' dir='ltr'>illis</span> <span class='ocrx_word' id='word_1_38' title='bbox 1295 1047 1371 1120; x_wconf 88' lang='lat' dir='ltr'>dua-</span> 
     </span>
    </p>
   </div>
   <div class='ocr_carea' id='block_1_6' title="bbox 322 1159 1372 1386">
    <p class='ocr_par' dir='ltr' id='par_1_6' title="bbox 322 1159 1372 1386">
     <span class='ocr_line' id='line_1_6' title="bbox 322 1159 1371 1264; baseline -0.01 -18"><span class='ocrx_word' id='word_1_39' title='bbox 322 1159 389 1247; x_wconf 85' lang='lat' dir='ltr'>bus</span> <span class='ocrx_word' id='word_1_40' title='bbox 420 1173 454 1242; x_wconf 92' lang='lat' dir='ltr'>in</span> <span class='ocrx_word' id='word_1_41' title='bbox 488 1165 699 1264; x_wconf 75' lang='lat' dir='ltr'>supradictas</span> <span class='ocrx_word' id='word_1_42' title='bbox 731 1167 918 1242; x_wconf 83' lang='lat' dir='ltr'>divisiones</span> <span class='ocrx_word' id='word_1_43' title='bbox 946 1168 1137 1244; x_wconf 85' lang='lat' dir='ltr'>distributis</span> <span class='ocrx_word' id='word_1_44' title='bbox 1171 1183 1206 1242; x_wconf 90' lang='lat' dir='ltr'>et</span> <span class='ocrx_word' id='word_1_45' title='bbox 1237 1170 1301 1242; x_wconf 92' lang='lat' dir='ltr'>sub</span> <span class='ocrx_word' id='word_1_46' title='bbox 1331 1168 1371 1238; x_wconf 89' lang='lat' dir='ltr'>si-</span> 
     </span>
     <span class='ocr_line' id='line_1_7' title="bbox 323 1277 1372 1386; baseline -0.004 -24"><span class='ocrx_word' id='word_1_47' title='bbox 323 1289 407 1386; x_wconf 91' lang='lat' dir='ltr'>gillo</span> <span class='ocrx_word' id='word_1_48' title='bbox 432 1277 631 1372; x_wconf 79' lang='lat' dir='ltr'>reconditis,</span> <span class='ocrx_word' id='word_1_49' title='bbox 655 1284 743 1356; x_wconf 83' lang='lat' dir='ltr'>haee</span> <span class='ocrx_word' id='word_1_50' title='bbox 768 1288 927 1365; x_wconf 70' lang='lat' dir='ltr'>tertiolo</span> <span class='ocrx_word' id='word_1_51' title='bbox 951 1312 1017 1358; x_wconf 91' lang='lat' dir='ltr'>usu</span> <span class='ocrx_word' id='word_1_52' title='bbox 1040 1290 1240 1385; x_wconf 89' lang='lat' dir='ltr'>quotidiano</span> <span class='ocrx_word' id='word_1_53' title='bbox 1263 1313 1372 1360; x_wconf 84' lang='lat' dir='ltr'>versa-</span> 
     </span>
    </p>
   </div>
   <div class='ocr_carea' id='block_1_7' title="bbox 212 1403 1372 1509">
    <p class='ocr_par' dir='ltr' id='par_1_7' title="bbox 212 1403 1372 1509">
     <span class='ocr_line' id='line_1_8' title="bbox 212 1403 1372 1509; baseline -0.005 -26"><span class='ocrx_word' id='word_1_54' title='bbox 212 1493 215 1509; x_wconf 41' lang='lat'>,</span> <span class='ocrx_word' id='word_1_55' title='bbox 324 1419 428 1495; x_wconf 81' lang='lat' dir='ltr'>retur,</span> <span class='ocrx_word' id='word_1_56' title='bbox 449 1405 544 1480; x_wconf 89' lang='lat' dir='ltr'>velut</span> <span class='ocrx_word' id='word_1_57' title='bbox 568 1429 624 1478; x_wconf 89' lang='lat' dir='ltr'>res</span> <span class='ocrx_word' id='word_1_58' title='bbox 651 1430 751 1503; x_wconf 90' lang='lat' dir='ltr'>quam</span> <span class='ocrx_word' id='word_1_59' title='bbox 775 1407 866 1482; x_wconf 89' lang='lat' dir='ltr'>nulla</span> <span class='ocrx_word' id='word_1_60' title='bbox 890 1409 963 1480; x_wconf 88' lang='lat' dir='ltr'>voti</span> <span class='ocrx_word' id='word_1_61' title='bbox 985 1403 1196 1504; x_wconf 66' lang='lat' dir='ltr'>obligations</span> <span class='ocrx_word' id='word_1_62' title='bbox 1224 1437 1244 1482; x_wconf 91' lang='lat' dir='ltr'>a</span> <span class='ocrx_word' id='word_1_63' title='bbox 1271 1406 1372 1508; x_wconf 83' lang='lat' dir='ltr'>domi-</span> 
     </span>
    </p>
   </div>
   <div class='ocr_carea' id='block_1_8' title="bbox 244 1523 1411 3779">
    <p class='ocr_par' dir='ltr' id='par_1_8' title="bbox 244 1523 1411 3779">
     <span class='ocr_line' id='line_1_9' title="bbox 270 1523 1373 1625; baseline -0.002 -25"><span class='ocrx_word' id='word_1_64' title='bbox 270 1599 274 1624; x_wconf 63' lang='lat'><strong>‚</strong></span> <span class='ocrx_word' id='word_1_65' title='bbox 324 1529 381 1600; x_wconf 92' lang='lat' dir='ltr'>nio</span> <span class='ocrx_word' id='word_1_66' title='bbox 407 1523 618 1625; x_wconf 89' lang='lat' dir='ltr'>possidentis</span> <span class='ocrx_word' id='word_1_67' title='bbox 645 1525 822 1597; x_wconf 83' lang='lat' dir='ltr'>alienatam</span> <span class='ocrx_word' id='word_1_68' title='bbox 850 1537 1135 1613; x_wconf 75' lang='lat' dir='ltr'>esseoonstaiet,</span> <span class='ocrx_word' id='word_1_69' title='bbox 1157 1539 1194 1599; x_wconf 89' lang='lat' dir='ltr'>et</span> <span class='ocrx_word' id='word_1_70' title='bbox 1212 1527 1373 1604; x_wconf 88' lang='lat' dir='ltr'>hoctam·</span> 
     </span>
     <span class='ocr_line' id='line_1_10' title="bbox 325 1643 1411 1746; baseline -0.003 -28"><span class='ocrx_word' id='word_1_71' title='bbox 325 1646 400 1734; x_wconf 87' lang='lat' dir='ltr'>diu,</span> <span class='ocrx_word' id='word_1_72' title='bbox 436 1644 662 1746; x_wconf 87' lang='lat' dir='ltr'>quoadusque</span> <span class='ocrx_word' id='word_1_73' title='bbox 692 1645 751 1720; x_wconf 90' lang='lat' dir='ltr'>vel</span> <span class='ocrx_word' id='word_1_74' title='bbox 779 1645 836 1717; x_wconf 86' lang='lat' dir='ltr'>ille</span> <span class='ocrx_word' id='word_1_75' title='bbox 862 1645 1042 1721; x_wconf 86' lang='lat' dir='ltr'>mansisset</span> <span class='ocrx_word' id='word_1_76' title='bbox 1065 1646 1100 1718; x_wconf 94' lang='lat' dir='ltr'>in</span> <span class='ocrx_word' id='word_1_77' title='bbox 1126 1671 1291 1744; x_wconf 85' lang='lat' dir='ltr'>corpore,</span> <span class='ocrx_word' id='word_1_78' title='bbox 1324 1643 1374 1717; x_wconf 89' lang='lat' dir='ltr'>vel</span> <span class='ocrx_word' id='word_1_79' title='bbox 1409 1725 1411 1738; x_wconf 23' lang='lat' dir='ltr'>y</span> 
     </span>
     <span class='ocr_line' id='line_1_11' title="bbox 253 1751 1411 1840; baseline 0.002 -2"><span class='ocrx_word' id='word_1_80' title='bbox 253 1783 275 1818; x_wconf 88' lang='lat'>&#39;·</span> <span class='ocrx_word' id='word_1_81' title='bbox 325 1791 425 1840; x_wconf 83' lang='lat' dir='ltr'>urum</span> <span class='ocrx_word' id='word_1_82' title='bbox 451 1769 524 1839; x_wconf 89' lang='lat' dir='ltr'>eius</span> <span class='ocrx_word' id='word_1_83' title='bbox 557 1765 624 1838; x_wconf 91' lang='lat' dir='ltr'>sibi</span> <span class='ocrx_word' id='word_1_84' title='bbox 656 1767 886 1838; x_wconf 86' lang='lat' dir='ltr'>necessarium</span> <span class='ocrx_word' id='word_1_85' title='bbox 912 1763 1087 1838; x_wconf 85' lang='lat' dir='ltr'>iudicaret.</span> <span class='ocrx_word' id='word_1_86' title='bbox 1134 1763 1223 1838; x_wconf 86' lang='lat' dir='ltr'>Post</span> <span class='ocrx_word' id='word_1_87' title='bbox 1247 1766 1374 1838; x_wconf 84' lang='lat' dir='ltr'>obitum</span> <span class='ocrx_word' id='word_1_88' title='bbox 1410 1751 1411 1840; x_wconf 56' lang='lat' dir='ltr'>l</span> 
     </span>
     <span class='ocr_line' id='line_1_12' title="bbox 327 1855 1411 1978; baseline -0.002 -20"><span class='ocrx_word' id='word_1_89' title='bbox 327 1913 412 1974; x_wconf 72' lang='lat' dir='ltr'>uero</span> <span class='ocrx_word' id='word_1_90' title='bbox 446 1898 505 1959; x_wconf 90' lang='lat' dir='ltr'>aut</span> <span class='ocrx_word' id='word_1_91' title='bbox 536 1885 757 1958; x_wconf 87' lang='lat' dir='ltr'>voluntariam</span> <span class='ocrx_word' id='word_1_92' title='bbox 789 1885 1010 1956; x_wconf 83' lang='lat' dir='ltr'>saecularium</span> <span class='ocrx_word' id='word_1_93' title='bbox 1043 1911 1155 1957; x_wconf 90' lang='lat' dir='ltr'>rerum</span> <span class='ocrx_word' id='word_1_94' title='bbox 1189 1886 1374 1966; x_wconf 85' lang='lat' dir='ltr'>carentiam,</span> <span class='ocrx_word' id='word_1_95' title='bbox 1409 1855 1411 1978; x_wconf 74' lang='lat' dir='ltr'>l</span> 
     </span>
     <span class='ocr_line' id='line_1_13' title="bbox 326 2000 1411 2102; baseline -0.007 -21"><span class='ocrx_word' id='word_1_96' title='bbox 326 2007 446 2082; x_wconf 89' lang='lat' dir='ltr'>eadem</span> <span class='ocrx_word' id='word_1_97' title='bbox 471 2031 550 2102; x_wconf 90' lang='lat' dir='ltr'>pars</span> <span class='ocrx_word' id='word_1_98' title='bbox 576 2015 722 2100; x_wconf 88' lang='lat' dir='ltr'>quatuor</span> <span class='ocrx_word' id='word_1_99' title='bbox 742 2000 1237 2091; x_wconf 69' lang='lat' dir='ltr'>subdivisionibussecaretur,</span> <span class='ocrx_word' id='word_1_100' title='bbox 1264 2014 1374 2078; x_wconf 89' lang='lat' dir='ltr'>etum</span> <span class='ocrx_word' id='word_1_101' title='bbox 1409 2011 1411 2092; x_wconf 72' lang='lat' dir='ltr'>t</span> 
     </span>
     <span class='ocr_line' id='line_1_14' title="bbox 326 2118 1373 2222; baseline -0.001 -27"><span class='ocrx_word' id='word_1_102' title='bbox 326 2124 465 2222; x_wconf 90' lang='lat' dir='ltr'>quidem</span> <span class='ocrx_word' id='word_1_103' title='bbox 487 2145 603 2194; x_wconf 86' lang='lat' dir='ltr'>¹earum</span> <span class='ocrx_word' id='word_1_104' title='bbox 627 2118 833 2217; x_wconf 88' lang='lat' dir='ltr'>supradictis</span> <span class='ocrx_word' id='word_1_105' title='bbox 856 2119 905 2192; x_wconf 81' lang='lat'>20</span> <span class='ocrx_word' id='word_1_106' title='bbox 931 2131 966 2192; x_wconf 86' lang='lat' dir='ltr'>et</span> <span class='ocrx_word' id='word_1_107' title='bbox 986 2145 1074 2194; x_wconf 89' lang='lat' dir='ltr'>unae</span> <span class='ocrx_word' id='word_1_108' title='bbox 1087 2122 1122 2213; x_wconf 72' lang='grc'>4)</span> <span class='ocrx_word' id='word_1_109' title='bbox 1148 2124 1303 2222; x_wconf 88' lang='lat' dir='ltr'>partibus</span> <span class='ocrx_word' id='word_1_110' title='bbox 1320 2122 1373 2195; x_wconf 90' lang='lat' dir='ltr'>ad·</span> 
     </span>
     <span class='ocr_line' id='line_1_15' title="bbox 325 2237 1374 2340; baseline -0.002 -27"><span class='ocrx_word' id='word_1_111' title='bbox 325 2241 480 2328; x_wconf 87' lang='lat' dir='ltr'>deretur,</span> <span class='ocrx_word' id='word_1_112' title='bbox 514 2237 619 2314; x_wconf 85' lang='lat' dir='ltr'>altera</span> <span class='ocrx_word' id='word_1_113' title='bbox 653 2263 673 2312; x_wconf 88' lang='lat' dir='ltr'>a</span> <span class='ocrx_word' id='word_1_114' title='bbox 703 2237 779 2312; x_wconf 85' lang='lat' dir='ltr'>liliis</span> <span class='ocrx_word' id='word_1_115' title='bbox 812 2263 853 2312; x_wconf 86' lang='lat' dir='ltr'>ao</span> <span class='ocrx_word' id='word_1_116' title='bbox 884 2239 1015 2314; x_wconf 89' lang='lat' dir='ltr'>filiabus</span> <span class='ocrx_word' id='word_1_117' title='bbox 1041 2243 1129 2330; x_wconf 90' lang='lat' dir='ltr'>suis,</span> <span class='ocrx_word' id='word_1_118' title='bbox 1161 2241 1306 2340; x_wconf 88' lang='lat' dir='ltr'>filiisque</span> <span class='ocrx_word' id='word_1_119' title='bbox 1338 2263 1374 2312; x_wconf 83' lang='lat' dir='ltr'>ae</span> 
     </span>
     <span class='ocr_line' id='line_1_16' title="bbox 325 2355 1373 2448; baseline -0.008 -10"><span class='ocrx_word' id='word_1_120' title='bbox 325 2361 461 2438; x_wconf 86' lang='lat' dir='ltr'>filiabus.</span> <span class='ocrx_word' id='word_1_121' title='bbox 480 2358 625 2433; x_wconf 84' lang='lat' dir='ltr'>liliorum</span> <span class='ocrx_word' id='word_1_122' title='bbox 651 2381 788 2432; x_wconf 87' lang='lat' dir='ltr'>suorum</span> <span class='ocrx_word' id='word_1_123' title='bbox 810 2355 979 2448; x_wconf 87' lang='lat' dir='ltr'>adsumta,</span> <span class='ocrx_word' id='word_1_124' title='bbox 1013 2360 1101 2432; x_wconf 90' lang='lat' dir='ltr'>iusta</span> <span class='ocrx_word' id='word_1_125' title='bbox 1130 2372 1166 2432; x_wconf 88' lang='lat' dir='ltr'>et</span> <span class='ocrx_word' id='word_1_126' title='bbox 1190 2360 1373 2434; x_wconf 90' lang='lat' dir='ltr'>rationabili</span> 
     </span>
     <span class='ocr_line' id='line_1_17' title="bbox 325 2459 1373 2578; baseline -0.003 -23"><span class='ocrx_word' id='word_1_127' title='bbox 325 2484 415 2556; x_wconf 89' lang='lat' dir='ltr'>inter</span> <span class='ocrx_word' id='word_1_128' title='bbox 440 2506 501 2554; x_wconf 91' lang='lat' dir='ltr'>eos</span> <span class='ocrx_word' id='word_1_129' title='bbox 523 2479 706 2578; x_wconf 87' lang='lat' dir='ltr'>partitione</span> <span class='ocrx_word' id='word_1_130' title='bbox 730 2475 954 2564; x_wconf 88' lang='lat' dir='ltr'>divideretur;</span> <span class='ocrx_word' id='word_1_131' title='bbox 980 2479 1085 2552; x_wconf 86' lang='lat' dir='ltr'>tertia</span> <span class='ocrx_word' id='word_1_132' title='bbox 1104 2504 1186 2554; x_wconf 88' lang='lat' dir='ltr'>vero</span> <span class='ocrx_word' id='word_1_133' title='bbox 1213 2459 1373 2554; x_wconf 82' lang='lat' dir='ltr'>consueto</span> 
     </span>
     <span class='ocr_line' id='line_1_18' title="bbox 312 2597 1373 2692; baseline 0 -20"><span class='ocrx_word' id='word_1_134' title='bbox 312 2597 528 2678; x_wconf 87' lang='lat' dir='ltr'>.Christianis</span> <span class='ocrx_word' id='word_1_135' title='bbox 570 2623 665 2672; x_wconf 88' lang='lat' dir='ltr'>more</span> <span class='ocrx_word' id='word_1_136' title='bbox 704 2601 739 2669; x_wconf 92' lang='lat' dir='ltr'>in</span> <span class='ocrx_word' id='word_1_137' title='bbox 778 2621 876 2668; x_wconf 90' lang='lat' dir='ltr'>usum</span> <span class='ocrx_word' id='word_1_138' title='bbox 914 2619 1102 2692; x_wconf 86' lang='lat' dir='ltr'>paupemm</span> <span class='ocrx_word' id='word_1_139' title='bbox 1141 2597 1263 2674; x_wconf 85' lang='lat' dir='ltr'>luisset</span> <span class='ocrx_word' id='word_1_140' title='bbox 1304 2626 1373 2672; x_wconf 89' lang='lat' dir='ltr'>ero-</span> 
     </span>
     <span class='ocr_line' id='line_1_19' title="bbox 326 2705 1410 2824; baseline 0.001 -34"><span class='ocrx_word' id='word_1_141' title='bbox 326 2705 451 2815; x_wconf 67' lang='lat' dir='ltr'>gatall</span> <span class='ocrx_word' id='word_1_142' title='bbox 486 2729 602 2814; x_wconf 84' lang='lat' dir='ltr'>quarta</span> <span class='ocrx_word' id='word_1_143' title='bbox 633 2716 733 2788; x_wconf 91' lang='lat' dir='ltr'>simili</span> <span class='ocrx_word' id='word_1_144' title='bbox 766 2715 870 2788; x_wconf 91' lang='lat' dir='ltr'>modo</span> <span class='ocrx_word' id='word_1_145' title='bbox 902 2716 1039 2788; x_wconf 91' lang='lat' dir='ltr'>nomine</span> <span class='ocrx_word' id='word_1_146' title='bbox 1075 2718 1314 2821; x_wconf 79' lang='lat' dir='ltr'>eleemosynae</span> <span class='ocrx_word' id='word_1_147' title='bbox 1342 2723 1373 2792; x_wconf 91' lang='lat' dir='ltr'>in</span> <span class='ocrx_word' id='word_1_148' title='bbox 1409 2759 1410 2824; x_wconf 51' lang='grc' dir='ltr'><strong>ι</strong></span> 
     </span>
     <span class='ocr_line' id='line_1_20' title="bbox 325 2835 1410 2933; baseline -0.002 -25"><span class='ocrx_word' id='word_1_149' title='bbox 325 2861 500 2908; x_wconf 88' lang='lat' dir='ltr'>servarum</span> <span class='ocrx_word' id='word_1_150' title='bbox 540 2845 575 2906; x_wconf 84' lang='lat' dir='ltr'>et</span> <span class='ocrx_word' id='word_1_151' title='bbox 615 2836 811 2910; x_wconf 85' lang='lat' dir='ltr'>ancillarum</span> <span class='ocrx_word' id='word_1_152' title='bbox 845 2835 966 2908; x_wconf 89' lang='lat' dir='ltr'>usibus</span> <span class='ocrx_word' id='word_1_153' title='bbox 1000 2835 1116 2933; x_wconf 90' lang='lat' dir='ltr'>palatii</span> <span class='ocrx_word' id='word_1_154' title='bbox 1152 2840 1373 2914; x_wconf 80' lang='lat' dir='ltr'>famulantium</span> <span class='ocrx_word' id='word_1_155' title='bbox 1409 2883 1410 2906; x_wconf 35' lang='grc' dir='ltr'><strong>ι</strong></span> 
     </span>
     <span class='ocr_line' id='line_1_21' title="bbox 325 2953 1410 3034; baseline 0.003 -2"><span class='ocrx_word' id='word_1_156' title='bbox 325 2955 609 3032; x_wconf 72' lang='lat' dir='ltr'>sustentationem</span> <span class='ocrx_word' id='word_1_157' title='bbox 642 2953 822 3028; x_wconf 86' lang='lat' dir='ltr'>distributa</span> <span class='ocrx_word' id='word_1_158' title='bbox 854 2959 994 3030; x_wconf 81' lang='lat' dir='ltr'>veniret.</span> <span class='ocrx_word' id='word_1_159' title='bbox 1044 2953 1104 3030; x_wconf 85' lang='lat' dir='ltr'>Ad</span> <span class='ocrx_word' id='word_1_160' title='bbox 1135 2958 1223 3034; x_wconf 85' lang='lat' dir='ltr'>hano</span> <span class='ocrx_word' id='word_1_161' title='bbox 1248 2964 1373 3034; x_wconf 86' lang='lat' dir='ltr'>tertiam</span> <span class='ocrx_word' id='word_1_162' title='bbox 1409 2965 1410 2974; x_wconf 74' lang='grc'>’</span> 
     </span>
     <span class='ocr_line' id='line_1_22' title="bbox 278 3074 1373 3174; baseline 0.004 -26"><span class='ocrx_word' id='word_1_163' title='bbox 278 3121 299 3137; x_wconf 87' lang='lat'>-·</span> <span class='ocrx_word' id='word_1_164' title='bbox 325 3078 432 3151; x_wconf 88' lang='lat' dir='ltr'>totius</span> <span class='ocrx_word' id='word_1_165' title='bbox 460 3099 611 3148; x_wconf 85' lang='lat' dir='ltr'>summae</span> <span class='ocrx_word' id='word_1_166' title='bbox 636 3075 841 3174; x_wconf 90' lang='lat' dir='ltr'>portionem,</span> <span class='ocrx_word' id='word_1_167' title='bbox 867 3097 955 3171; x_wconf 86' lang='lat' dir='ltr'>quae</span> <span class='ocrx_word' id='word_1_168' title='bbox 981 3074 1135 3152; x_wconf 86' lang='lat' dir='ltr'>similiter</span> <span class='ocrx_word' id='word_1_169' title='bbox 1164 3093 1203 3153; x_wconf 89' lang='lat' dir='ltr'>ut</span> <span class='ocrx_word' id='word_1_170' title='bbox 1225 3095 1373 3156; x_wconf 82' lang='lat' dir='ltr'>caeterae</span> 
     </span>
     <span class='ocr_line' id='line_1_23' title="bbox 326 3183 1410 3292; baseline 0.004 -24"><span class='ocrx_word' id='word_1_171' title='bbox 326 3220 370 3268; x_wconf 86' lang='lat' dir='ltr'>ex</span> <span class='ocrx_word' id='word_1_172' title='bbox 394 3219 476 3266; x_wconf 89' lang='lat' dir='ltr'>auro</span> <span class='ocrx_word' id='word_1_173' title='bbox 503 3207 539 3268; x_wconf 91' lang='lat' dir='ltr'>et</span> <span class='ocrx_word' id='word_1_174' title='bbox 563 3206 705 3292; x_wconf 86' lang='lat' dir='ltr'>argento</span> <span class='ocrx_word' id='word_1_175' title='bbox 731 3201 884 3280; x_wconf 87' lang='lat' dir='ltr'>eonstat,</span> <span class='ocrx_word' id='word_1_176' title='bbox 907 3189 1046 3289; x_wconf 85' lang='lat' dir='ltr'>adiungi</span> <span class='ocrx_word' id='word_1_177' title='bbox 1070 3195 1190 3270; x_wconf 70' lang='lat' dir='ltr'>voluit*</span> <span class='ocrx_word' id='word_1_178' title='bbox 1204 3205 1317 3275; x_wconf 88' lang='lat' dir='ltr'>omnia</span> <span class='ocrx_word' id='word_1_179' title='bbox 1337 3226 1375 3274; x_wconf 86' lang='lat' dir='ltr'>er</span> <span class='ocrx_word' id='word_1_180' title='bbox 1409 3183 1410 3194; x_wconf 55' lang='lat'>.</span> 
     </span>
     <span class='ocr_line' id='line_1_24' title="bbox 326 3312 1410 3416; baseline 0.005 -30"><span class='ocrx_word' id='word_1_181' title='bbox 326 3329 405 3388; x_wconf 85' lang='lat' dir='ltr'>aere</span> <span class='ocrx_word' id='word_1_182' title='bbox 439 3326 474 3386; x_wconf 90' lang='lat' dir='ltr'>et</span> <span class='ocrx_word' id='word_1_183' title='bbox 507 3313 597 3388; x_wconf 83' lang='lat' dir='ltr'>ferro</span> <span class='ocrx_word' id='word_1_184' title='bbox 629 3314 772 3412; x_wconf 87' lang='lat' dir='ltr'>aliisque</span> <span class='ocrx_word' id='word_1_185' title='bbox 800 3312 947 3388; x_wconf 86' lang='lat' dir='ltr'>metallis</span> <span class='ocrx_word' id='word_1_186' title='bbox 979 3339 1058 3388; x_wconf 86' lang='lat' dir='ltr'>vasa</span> <span class='ocrx_word' id='word_1_187' title='bbox 1084 3328 1198 3416; x_wconf 83' lang='lat' dir='ltr'>atque</span> <span class='ocrx_word' id='word_1_188' title='bbox 1223 3322 1374 3396; x_wconf 88' lang='lat' dir='ltr'>utensilia</span> <span class='ocrx_word' id='word_1_189' title='bbox 1409 3317 1410 3411; x_wconf 64' lang='lat'>,</span> 
     </span>
     <span class='ocr_line' id='line_1_25' title="bbox 244 3432 1373 3534; baseline 0.002 -28"><span class='ocrx_word' id='word_1_190' title='bbox 244 3457 249 3483; x_wconf 82' lang='lat'><strong>¹</strong></span> <span class='ocrx_word' id='word_1_191' title='bbox 299 3457 406 3510; x_wconf 44' lang='lat' dir='ltr'>,eum</span> <span class='ocrx_word' id='word_1_192' title='bbox 431 3437 530 3508; x_wconf 87' lang='lat' dir='ltr'>armis</span> <span class='ocrx_word' id='word_1_193' title='bbox 557 3447 591 3509; x_wconf 89' lang='lat' dir='ltr'>et</span> <span class='ocrx_word' id='word_1_194' title='bbox 617 3435 771 3508; x_wconf 85' lang='lat' dir='ltr'>vestibus</span> <span class='ocrx_word' id='word_1_195' title='bbox 796 3432 948 3532; x_wconf 87' lang='lat' dir='ltr'>alioque,</span> <span class='ocrx_word' id='word_1_196' title='bbox 974 3445 1031 3508; x_wconf 88' lang='lat' dir='ltr'>aut</span> <span class='ocrx_word' id='word_1_197' title='bbox 1055 3439 1207 3534; x_wconf 82' lang='lat' dir='ltr'>pretioso</span> <span class='ocrx_word' id='word_1_198' title='bbox 1235 3453 1294 3512; x_wconf 91' lang='lat' dir='ltr'>aut</span> <span class='ocrx_word' id='word_1_199' title='bbox 1312 3439 1373 3522; x_wconf 85' lang='lat' dir='ltr'>vili,</span> 
     </span>
     <span class='ocr_line' id='line_1_26' title="bbox 280 3551 1371 3652; baseline 0.013 -31"><span class='ocrx_word' id='word_1_200' title='bbox 280 3609 283 3614; x_wconf 95' lang='lat'>.</span> <span class='ocrx_word' id='word_1_201' title='bbox 325 3551 369 3628; x_wconf 85' lang='lat' dir='ltr'>ad</span> <span class='ocrx_word' id='word_1_202' title='bbox 391 3552 503 3626; x_wconf 89' lang='lat' dir='ltr'>varios</span> <span class='ocrx_word' id='word_1_203' title='bbox 529 3581 611 3627; x_wconf 88' lang='lat' dir='ltr'>usus</span> <span class='ocrx_word' id='word_1_204' title='bbox 637 3554 727 3628; x_wconf 86' lang='lat' dir='ltr'>laeto</span> <span class='ocrx_word' id='word_1_205' title='bbox 755 3553 971 3651; x_wconf 83' lang='lat' dir='ltr'>supellectili,</span> <span class='ocrx_word' id='word_1_206' title='bbox 999 3564 1037 3628; x_wconf 90' lang='lat' dir='ltr'>ut</span> <span class='ocrx_word' id='word_1_207' title='bbox 1060 3569 1143 3631; x_wconf 85' lang='lat' dir='ltr'>sunt</span> <span class='ocrx_word' id='word_1_208' title='bbox 1167 3558 1371 3652; x_wconf 68' lang='lat' dir='ltr'>nominant),</span> 
     </span>
     <span class='ocr_line' id='line_1_27' title="bbox 283 3674 1372 3779; baseline 0.001 -31"><span class='ocrx_word' id='word_1_209' title='bbox 283 3741 285 3748; x_wconf 92' lang='lat'>.</span> <span class='ocrx_word' id='word_1_210' title='bbox 326 3675 483 3770; x_wconf 86' lang='lat' dir='ltr'>stragula,</span> <span class='ocrx_word' id='word_1_211' title='bbox 506 3677 641 3772; x_wconf 86' lang='lat' dir='ltr'>tapetia,</span> <span class='ocrx_word' id='word_1_212' title='bbox 666 3674 808 3770; x_wconf 81' lang='lat' dir='ltr'>filtra⁷),</span> <span class='ocrx_word' id='word_1_213' title='bbox 835 3677 943 3763; x_wconf 79' lang='lat' dir='ltr'>coria,</span> <span class='ocrx_word' id='word_1_214' title='bbox 969 3676 1182 3774; x_wconf 70' lang='lat' dir='ltr'>sagmata8),</span> <span class='ocrx_word' id='word_1_215' title='bbox 1217 3690 1254 3754; x_wconf 83' lang='lat' dir='ltr'>et</span> <span class='ocrx_word' id='word_1_216' title='bbox 1280 3676 1372 3779; x_wconf 88' lang='lat' dir='ltr'>quid·</span> 
     </span>
    </p>
   </div>
   <div class='ocr_carea' id='block_1_9' title="bbox 281 3837 479 3854">
    <p class='ocr_par' dir='ltr' id='par_1_9' title="bbox 281 3837 479 3854">
     <span class='ocr_line' id='line_1_28' title="bbox 281 3837 479 3854; baseline -0.01 0"><span class='ocrx_word' id='word_1_217' title='bbox 281 3837 479 3854; x_wconf 60' lang='lat' dir='ltr'><em>m</em></span> 
     </span>
    </p>
   </div>
   <div class='ocr_carea' id='block_1_10' title="bbox 355 3921 1355 4387">
    <p class='ocr_par' dir='ltr' id='par_1_10' title="bbox 355 3921 1355 4387">
     <span class='ocr_line' id='line_1_29' title="bbox 358 3921 1355 4003; baseline 0.002 -21"><span class='ocrx_word' id='word_1_218' title='bbox 358 3924 389 4000; x_wconf 78' lang='lat'>¹)</span> <span class='ocrx_word' id='word_1_219' title='bbox 408 3921 466 3982; x_wconf 80' lang='lat' dir='ltr'>All.</span> <span class='ocrx_word' id='word_1_220' title='bbox 488 3925 620 3988; x_wconf 74' lang='lat' dir='ltr'>Treveri.</span> <span class='ocrx_word' id='word_1_221' title='bbox 658 3955 697 3970; x_wconf 93' lang='lat'><em>-</em></span> <span class='ocrx_word' id='word_1_222' title='bbox 738 3926 771 4003; x_wconf 81' lang='lat'>²)</span> <span class='ocrx_word' id='word_1_223' title='bbox 789 3923 847 3986; x_wconf 80' lang='lat' dir='ltr'>All.</span> <span class='ocrx_word' id='word_1_224' title='bbox 866 3921 962 3984; x_wconf 69' lang='lat' dir='ltr'>Reme.</span> <span class='ocrx_word' id='word_1_225' title='bbox 1000 3955 1039 3972; x_wconf 86' lang='lat'>-·</span> <span class='ocrx_word' id='word_1_226' title='bbox 1068 3927 1112 4003; x_wconf 59' lang='grc'>,3)</span> <span class='ocrx_word' id='word_1_227' title='bbox 1131 3925 1177 3988; x_wconf 80' lang='lat' dir='ltr'>Al.</span> <span class='ocrx_word' id='word_1_228' title='bbox 1196 3929 1355 3992; x_wconf 63' lang='lat' dir='ltr'>Antron.</span> 
     </span>
     <span class='ocr_line' id='line_1_30' title="bbox 356 4017 967 4098; baseline 0.01 -20"><span class='ocrx_word' id='word_1_229' title='bbox 356 4019 387 4096; x_wconf 85' lang='lat'>⁴)</span> <span class='ocrx_word' id='word_1_230' title='bbox 407 4017 464 4078; x_wconf 83' lang='lat' dir='ltr'>All.</span> <span class='ocrx_word' id='word_1_231' title='bbox 484 4022 543 4084; x_wconf 75' lang='lat' dir='ltr'>uni.</span> <span class='ocrx_word' id='word_1_232' title='bbox 582 4052 621 4064; x_wconf 94' lang='lat'><em>-</em></span> <span class='ocrx_word' id='word_1_233' title='bbox 663 4023 694 4098; x_wconf 73' lang='lat'>⁶)</span> <span class='ocrx_word' id='word_1_234' title='bbox 713 4019 772 4080; x_wconf 84' lang='lat' dir='ltr'>All.</span> <span class='ocrx_word' id='word_1_235' title='bbox 791 4033 967 4098; x_wconf 73' lang='lat' dir='ltr'>erogaretur.</span> 
     </span>
     <span class='ocr_line' id='line_1_31' title="bbox 356 4113 760 4198; baseline 0.005 -24"><span class='ocrx_word' id='word_1_236' title='bbox 356 4116 387 4192; x_wconf 60' lang='grc' dir='ltr'>θ)</span> <span class='ocrx_word' id='word_1_237' title='bbox 411 4113 563 4176; x_wconf 69' lang='lat' dir='ltr'>Grndiorm</span> <span class='ocrx_word' id='word_1_238' title='bbox 581 4116 760 4198; x_wconf 84' lang='lat' dir='ltr'>germanice.</span> 
     </span>
     <span class='ocr_line' id='line_1_32' title="bbox 355 4209 989 4292; baseline 0.003 -24"><span class='ocrx_word' id='word_1_239' title='bbox 355 4211 387 4287; x_wconf 83' lang='lat'>⁷)</span> <span class='ocrx_word' id='word_1_240' title='bbox 407 4210 502 4270; x_wconf 85' lang='lat' dir='ltr'>Parmi</span> <span class='ocrx_word' id='word_1_241' title='bbox 523 4211 600 4272; x_wconf 86' lang='lat' dir='ltr'>lanei</span> <span class='ocrx_word' id='word_1_242' title='bbox 620 4231 723 4292; x_wconf 85' lang='lat' dir='ltr'>genus,</span> <span class='ocrx_word' id='word_1_243' title='bbox 733 4209 795 4290; x_wconf 77' lang='lat' dir='ltr'>fitz</span> <span class='ocrx_word' id='word_1_244' title='bbox 813 4211 989 4292; x_wconf 83' lang='lat' dir='ltr'>germanice.</span> 
     </span>
     <span class='ocr_line' id='line_1_33' title="bbox 355 4304 839 4387; baseline 0.006 -26"><span class='ocrx_word' id='word_1_245' title='bbox 355 4306 387 4380; x_wconf 66' lang='grc' dir='ltr'>Β)</span> <span class='ocrx_word' id='word_1_246' title='bbox 410 4305 507 4367; x_wconf 88' lang='lat' dir='ltr'>Sellae</span> <span class='ocrx_word' id='word_1_247' title='bbox 527 4304 680 4387; x_wconf 86' lang='lat' dir='ltr'>impositae</span> <span class='ocrx_word' id='word_1_248' title='bbox 699 4305 839 4366; x_wconf 85' lang='lat' dir='ltr'>sarcinae.</span> 
     </span>
    </p>
   </div>
   <div class='ocr_carea' id='block_1_11' title="bbox 0 0 1427 5090">
    <p class='ocr_par' dir='ltr' id='par_1_11' title="bbox 0 0 1427 5090">
     <span class='ocr_line' id='line_1_34' title="bbox 0 0 1427 5090; baseline 0 0"><span class='ocrx_word' id='word_1_249' title='bbox 0 0 1427 5090; x_wconf 95' lang='lat' dir='ltr'> </span> 
     </span>
    </p>
   </div>
  </div>
 </body>
</html>
