2834 5090
406 425 464 516 '.
571 445 643 514 ar·

55 633 140 697 mus,
161 621 210 711 'ut
235 612 294 710 qui
318 637 389 684 uon
414 614 449 683 in
471 613 580 710 patria
605 612 715 684 solum
747 623 782 686 et
813 616 848 685 in
876 635 983 707 regno
1017 638 1079 685 suo
1111 600 1169 684 id'

53 726 161 802 lacere
187 733 363 819 curaverit,
387 755 504 804 verum
517 730 550 827 ¹)
564 743 665 803 trans
689 735 793 804 maria
816 734 851 803 in
868 727 1004 830 Syriam
1022 745 1058 805 et
1075 729 1166 808 Ae·-

23 861 189 946 'gyptum
211 862 315 950 atque
338 833 507 940 Africam,
539 847 808 950 Hierosolymis,
837 847 1067 926 Alexandriae
1097 863 1146 922 at-

52 992 113 1064 que
145 966 361 1068 Carthagini,
400 973 462 1046 ubi
499 971 701 1044 christianos
732 973 766 1042 in
802 980 1001 1066 paupertate
1031 967 1148 1040 vivere
1267 963 1271 976 ’

50 1103 269 1187 compererat,
292 1094 456 1190 penuriae
469 1079 602 1164 illenim
621 1090 843 1186 compatiens,
865 1091 1045 1186 pecuniam
1069 1091 1147 1161 mit-

49 1215 118 1280 tere
143 1209 341 1300 solebat²);
375 1211 421 1283 ob
446 1209 520 1282 hoe'
538 1209 684 1306 maxime
708 1209 1005 1282 transmarinorum
1028 1231 1147 1304 regum

47 1329 209 1404 amicitias
236 1341 416 1427 expetens,
446 1342 485 1424 ut
517 1327 709 1400 christianis
740 1327 814 1402 sub=
829 1351 947 1400 eorum
973 1327 1147 1400 dominatu
1192 1307 1195 1317 V

46 1443 250 1545 degentibus
283 1449 496 1544 refrigerium
533 1445 675 1546 aliquod
713 1473 754 1518 ao
784 1447 951 1520 relevat'o
984 1450 1146 1546 proveni·
1279 1517 1282 1523 .

45 1580 93 1640 ret
106 1570 152 1664 ³),
203 1567 350 1652 Celebat
371 1592 454 1664 prae
481 1569 606 1640 ueteris
632 1565 1070 1642 sacris.et'venerabilibus
1094 1568 1145 1640 lo-

45 1689 210 1788 eia=apud
231 1687 380 1761 Rumam
410 1687 590 1760 eeclesiam
620 1687 714 1760 beati
738 1683 837 1760 Petri
868 1689 1014 1788 apostoli
1025 1687 1078 1782 4),
1110 1691 1145 1760 in

44 1811 139 1880 cuius
166 1804 351 1900 donaria⁶)
370 1831 493 1902 magna
515 1808 568 1878 vis
587 1807 768 1904 pecuniae,
790 1811 912 1880 tamin
937 1835 1018 1880 auro
1045 1833 1146 1906 quarn

43 1929 73 1999 in
99 1941 260 2027 argento,
297 1951 364 1998 nec
389 1953 459 1998 non
482 1938 517 1998 et
541 1926 700 2024 gemmis,
737 1924 779 1996 ab
807 1923 865 1994 illo
893 1939 1059 2022 congesta
1084 1939 1145 2000 est.

43 2043 155 2122 Multa
178 2061 214 2122 et
238 2050 414 2120 innumera
436 2044 656 2142 pontificibus
681 2067 821 2116 munera
849 2046 953 2118 missa
966 2047 1001 2140 ⁶)
1032 2069 1146 2144 neque
1206 2041 1208 2048 ’

43 2166 97 2240 ille
126 2180 204 2266 toto
237 2169 337 2263 regni
370 2165 422 2235 sui
459 2175 616 2261 tempore
655 2163 840 2262 quidquam
881 2163 1019 2258 duxit⁷)
1060 2167 1166 2238 anti-'

43 2291 141 2386 quius
154 2286 201 2380 ⁸),
226 2311 326 2384 quam
347 2293 387 2354 ut
410 2283 493 2356 urbs
516 2280 631 2354 Roma
655 2308 716 2354 aua
738 2276 847 2379 'opera
868 2309 1001 2382 suoque
1026 2285 1145 2358 labore

42 2419 160 2480 vetere
186 2405 335 2505 polleret
366 2405 585 2488 auctoritate,
618 2411 654 2472 et
687 2388 835 2474 eeclesia
861 2400 1018 2495 saneti⁹)
1048 2400 1146 2474 Petri
1169 2390 1188 2466 ι’

42 2528 222 2624 perillum
247 2552 318 2598 non
347 2521 459 2596 solum
491 2533 564 2594 tuta
589 2543 630 2592 ao
655 2517 815 2609 defensa,
847 2521 911 2605 aed
944 2523 1045 2608 etiam
1075 2522 1145 2594 suis
1245 2566 1248 2574 ·

43 2649 167 2744 opibus
200 2669 284 2746 prae
316 2643 475 2716 omuibus
507 2638 739 2735 ecelesiis10)
771 2651 865 2713 esset
896 2651 1013 2714 omata
1043 2651 1146 2738 atque

43 2765 153 2844 ditata.
208 2763 321 2850 Quam
347 2789 425 2835 eum
449 2761 534 2834 tanti
555 2758 737 2856 penderet,
761 2772 874 2834 tamen
901 2764 989 2834 intra
1014 2761 1062 2836 47
1088 2784 1146 2832 an-

42 2913 176 2977 norum,
204 2887 329 2985 quibus
353 2890 573 2976 regnaverat,
604 2883 748 2978 spatium
777 2894 898 2979 quater
928 2893 1058 2955 tantum
1086 2882 1145 2952 illo

41 3020 198 3082 votorum
244 3001 487 3080 solvendorum
534 3023 576 3070 ao
625 2999 840 3096 supplicandi
887 3027 989 3076 causa
1030 2999 1145 3099 prol-

43 3139 113 3203 atus
141 3123 278 3220 estll).
839 3127 843 3134 ’

45 3297 244 3314 w

115 3403 151 3481 ¹)
170 3399 231 3460 All.
248 3415 345 3456 aarum
363 3395 457 3455 edum.
495 3429 535 3444 -
556 3392 592 3468 ²)
609 3390 666 3450 All.
685 3390 796 3453 solatae
1049 3393 1053 3403 '
1112 3402 1115 3417 ·

116 3498 150 3574 ³)
173 3493 251 3556 Cod.
270 3491 341 3571 (cfr.
360 3500 425 3550 not.
444 3489 490 3548 ad.
511 3486 584 3568 Cap.
604 3485 720 3565 xxv1)
740 3486 833 3576 addit:
859 3481 1029 3548 Mente
1048 3504 1147 3546 omnes
1215 3452 1243 3508 ⁹

40 3591 165 3664 copem
185 3601 212 3648 et
229 3585 354 3648 deum
371 3587 404 3644 in
421 3581 552 3645 mnibus
575 3580 785 3658 barbarorum,
816 3594 842 3641 et
865 3585 925 3644 ruia
947 3581 1081 3656 peecata,
1099 3603 1147 3641 eoo

40 3681 189 3745 Mai.
230 3681 293 3744 cfr.
317 3679 388 3743 cod.
412 3676 540 3738 Umlin.
559 3680 639 3752 epist.
658 3683 708 3742 65.
728 3697 774 3756 ap.
798 3675 958 3757 Bouquer
976 3675 1016 3753 V,
1035 3696 1065 3756 p.
1079 3682 1145 3742 557.

118 3781 152 3858 ⁴)
175 3778 252 3841 Cod.
274 3774 424 3840 Goldaati:
444 3772 527 3832 Petri
544 3771 668 3849 apostola·
686 3785 713 3832 et
729 3771 828 3834 Pauli.
1064 3794 1071 3808 ·

121 3877 155 3954 ⁸)
175 3875 319 3936 Bouaria
338 3892 387 3948 eo,
406 3868 487 3949 quod
506 3867 548 3928 ihi
567 3870 645 3930 dona
664 3879 862 3948 reponantur,
887 3887 961 3949 quae
981 3869 1012 3930 in
1031 3865 1148 3948 templis

42 3961 146 4030 ollerri
168 3978 392 4030 consueverant
430 3960 563 4028 Isidore
587 3964 691 4042 origg.
710 3964 777 4038 XV,
796 3969 826 4028 5.

117 4065 151 4142 ⁶)
175 4063 251 4126 Cod.
270 4059 402 4123 Vindob.
422 4062 506 4120 mairie
544 4093 581 4106 -
624 4059 655 4136 ⁷)
674 4057 722 4118 Al.
743 4055 828 4118 dixit.

116 4161 153 4239 ⁸)
174 4157 237 4220 Cir.
257 4155 406 4218 Sueten.
429 4153 555 4230 Vesper.
574 4175 601 4214 c.
619 4157 647 4220 8.
667 4187 706 4201 -
725 4151 845 4214 Perta.

120 4257 155 4334 ο)
176 4255 233 4316 au.
252 4250 335 4318 aaa.
372 4237 410 4299 ’-
452 4251 505 4326 10)
526 4247 601 4310 eoa.
621 4246 751 4309 vineoe.
771 4247 846 4309 aea.

100 4351 155 4428 ¹¹)
178 4347 242 4412 Cir.
261 4347 401 4410 Sueten.
422 4341 524 4407 Tiber.
538 4327 570 4406 ἰ.
590 4349 639 4410 72.
655 4375 694 4394 -·
712 4343 827 4404 Perta.
