2834 5090
513 361 521 369 ι
582 415 669 482 lor

178 583 277 644 Milite
298 605 368 644 cum
390 583 468 642 lasso
491 581 581 643 calles
604 581 840 644 transcenderet
862 593 973 655 arctos,

176 683 353 744 Insidias
326 705 389 744 erus
412 705 530 744 summo
554 645 610 752 sub
626 672 750 744 vertice
772 683 885 743 montis
947 716 952 727 ι

155 783 321 851 &Tendere
343 783 513 844 Wascon‘es
536 783 600 844 arisi
623 805 703 844 nova
723 782 842 863 praelia
861 793 991 846 tentant.

172 883 317 964 Denique
338 893 510 965 postremos
532 883 640 965 populi
662 883 771 964 regalis
794 883 905 958 adorti,

174 982 338 1044 Missilibus
359 983 461 1064 primo
482 993 624 1045 sternunt
646 1005 680 1044 ex
703 977 834 1044 c'ollibus
855 931 931 1062 altis,

173 1082 215 1144 Et
236 1067 389 1154 Francos,
412 1085 549 1167 quamvis
571 1085 662 1146 armis
684 1085 853 1166 animisque
873 1085 1004 1164 priores,
1071 1125 1081 1136 -
1129 1072 1133 1100 ⁵

174 1186 279 1264 Impar
299 1185 374 1246 fecit
396 1195 427 1246 et
448 1196 592 1267 angustus
614 1186 699 1246 locus
722 1182 894 1264 inferiores.
941 1169 949 1204 ¹

101 1283 104 1290 ’
172 1285 266 1346 Rex'
258 1307 318 1346 ram
334 1287 517 1366 praecessit,
532 1287 718 1376 tardumque
740 1296 930 1348 remanserat
952 1308 1070 1368 agmen,

173 1385 252 1446 Cu‘ra
275 1385 486 1476 vehendarum
507 1387 592 1470 quod
614 1409 719 1448 rernm
740 1387 998 1468 praepediebat.

172 1485 224 1555 Fit
244 1508 343 1568 pavor
363 1485 437 1548 binc
460 1477 658 1566 exercitibus,
684 1488 847 1572 subitoque
869 1490 1003 1550 tumulto

171 1587 364 1648 Turbantur.
406 1585 525 1647 Victrix
546 1589 704 1650 latronum
725 1589 818 1650 turba
841 1611 878 1650 ne
882 1589 973 1653 sanda
1069 1571 1073 1602 ³

173 1689 335 1767 Ingentem
357 1682 461 1766 rapuit
481 1687 638 1768 praedam,
660 1690 825 1773 pluresque
849 1691 979 1752 necarit.

171 1789 310 1868 Namque
331 1785 464 1866 Palatini
487 1787 613 1870 quidam
634 1789 776 1850 cecidere
796 1791 940 1868 ministri,

173 1885 394 1948 Commendare
415 1888 526 1970 quibus
548 1889 770 1970 regalis'copia
793 1911 895 2002 gazae,

170 1986 349 2048 Praedones
372 1988 438 2048 illos
460 1989 563 2072 spoliis
587 1988 696 2050 ditavit
717 1989 839 2070 opimis

171 2087 227 2146 His
250 2087 356 2166 gestis,
382 2087 485 2150 hostes
508 2089 584 2150 vasti
605 2112 662 2172 per
684 2089 773 2152 devia
795 2089 887 2151 saltus

170 2185 357 2248 Accelerant
359 2207 418 2266 qne
435 2189 538 2266 fugem
551 2191 675 2252 fuerant
692 2191 803 2274 q'nibns
822 2191 921 2253 ardua
933 2191 1048 2253 montis
1082 2253 1085 2262 ,

172 2285 287 2348 Abdita
309 2273 454 2346 siliarum
475 2287 561 2348 vallis
584 2289 653 2349 loea
674 2301 748 2349 nota
768 2293 951 2370 profundae

172 2387 258 2465 Quos
280 2385 353 2468 fuga
366 2385 537 2478 dilapsos'
529 2393 613 2448 ιιιιιιιι
616 2389 746 2470 tigabilis
770 2399 803 2450 et
823 2410 882 2450 nox

142 2547 145 2554 .
170 2490 289 2550 Instans
311 2486 442 2568 eripuit,
470 2498 653 2570 sequeretur
674 2499 709 2550 ut
729 2489 806 2550 ultio
829 2487 922 2550 nulla.

132 2593 135 2602 “
160 2589 216 2662 ,Ae
238 2588 358 2650 facinus
377 2595 499 2648 tantum
520 2589 669 2670 quoniam
687 2591 859 2670 permansit
878 2590 1013 2655 inultum
1096 2668 1100 2674 ,

171 2686 312 2750 Tristitia
334 2689 415 2772 regis
436 2687 580 2750 subduxit
601 2689 707 2762 nubila
727 2691 834 2768 menti,

168 2789 325 2872 Prospera
346 2811 439 2870 quam
459 2790 562 2849 fecere
583 2791 669 2872 prius
691 2792 856 2873 complura
873 2812 1024 2854 serenam.

127 2893 163 2952 In
183 2889 255 2952 dem
278 2888 436 2947 Cirom'con
455 2885 654 2946 brevissimum
669 2889 712 2950 St.
738 2891 829 2964 Geli,
851 2890 908 2954 bei
924 2891 1078 2965 Baluze,
1109 2890 1172 2950 Mi.

66 2991 289 3070 scellan,1,.p
312 2985 385 3066 494,
406 2987 499 3050 heisst
520 3009 552 3050 es
574 2987 666 3050 ada.
684 2991 761 3052 77.8

106 3093 177 3154 Hoc
204 3112 285 3150 anno
301 3089 444 3152 domnus
466 3073 530 3152 Rex
551 3090 685 3152 Karalus
711 3091 848 3171 perrexit
875 3091 907 3152 in
928 3090 1042 3173 Spania
1070 3103 1103 3155 et
1128 3093 1172 3154 ibi

107 3191 340 3270 dispendium
359 3189 487 3248 habuit
505 3189 658 3262 grande.

66 3291 174 3356 Ueber
202 3291 262 3353 den
283 3289 446 3352 Ueberfall
473 3287 530 3352 der
550 3291 669 3353 Baskeu
697 3315 722 3356 ι
744 3292 823 3356 auch
845 3252 1030 3373 Einhard,
1054 3287 1171 3366 Amal,

68 3395 144 3473 778,
164 3416 195 3477 p.
219 3393 298 3452 159:

105 3492 259 3578 Pyrenaei
280 3489 423 3552 saltum
413 3491 566 3574 ingressus
589 3501 643 3553 cst.
672 3493 709 3554 ln
733 3495 819 3555 cuius
842 3495 1016 3556 summitate
1038 3447 1172 3556 Wesen-

108 3617 161 3658 nes
183 3591 300 3654 insidiis
322 3591 502 3668 conlocatis,
524 3599 692 3654 extremum
714 3615 822 3676 agmen
836 3593 948 3674 adorti,
969 3603 1071 3656 totum
1084 3616 1171 3656 exer·
1200 3643 1203 3651 .

106 3697 203 3758 citum
223 3714 335 3776 magno
356 3692 490 3754 tumultu
512 3695 706 3774 perturbant.
747 3695 789 3756 Et
810 3693 884 3756 licet
903 3695 1017 3756 Franci
1037 3694 1173 3774 Weseo-

57 3800 64 3811 '
106 3796 197 3857 nibus
219 3805 283 3856 tam
305 3779 639 3876 armis'qnamqanimis
661 3804 819 3876 praestare
840 3794 1038 3872 riderentur,
1065 3805 1170 3854 tamen

59 3877 63 3897 ι
100 3905 140 3978 ¹et
165 3887 327 3982 iniquitate
355 3895 497 3955 locorum
525 3903 557 3955 et
577 3915 691 3978 genere
720 3895 836 3976 inparis
857 3917 979 3980 pugnae
1007 3893 1169 3956 inferiores
1274 3931 1296 3958 ιι

106 3995 207 4057 effecti
234 4003 313 4057 sunt.
358 3997 393 4056 ln
422 3995 483 4056 boc
512 3995 681 4059 certamine
709 3993 850 4078 plerique
878 3997 1063 4070 aulicorum,
1093 4014 1169 4076 quos

106 4117 161 4158 rex
182 4096 279 4178 copiis
300 4097 503 4180 praefecerat,
526 4095 682 4158 interfecti
703 4103 784 4170 sunt,
806 4095 926 4175 direpta
940 4092 1169 4174 impedimenta,

108 4206 140 4257 et
165 4195 261 4258 bostis
287 4204 418 4278 propter
445 4195 587 4270 notitiam
607 4195 748 4258 locorum
777 4195 878 4258 statim
899 4194 931 4254 in
953 4192 1074 4256 diversa
1094 4191 1169 4256 dila·

109 4317 180 4378 psus
203 4305 258 4359 est.
