2870 5086
671 307 699 344 -t

725 407 864 524 [⁰³
1111 461 1200 528 ω
1417 443 1420 524 l

393 501 400 538 Ι
1419 533 1420 550 l

262 559 399 671 'dlt¹);
437 572 741 674 consumtisque2)
776 575 827 648 ibi
865 575 901 646 in
937 585 1133 646 sanctorum
1167 577 1377 650 veneratione
1417 557 1420 650 ’Ῐ

280 695 433 770 locorum
458 697 589 796 aliquot
614 695 748 782 diebus,
772 698 806 768 in
829 691 975 768 Galliam
998 696 1187 768 revertitur.

465 983 477 1026 A.
549 915 554 924 “
597 977 606 994 .
728 911 833 1026 Cpr.
876 911 937 988 xl

382 1047 601 1123 Baioarieum
614 1051 649 1148 ⁸)
677 1045 806 1122 deinde
831 1048 960 1122 bellum
987 1061 1023 1122 et
1046 1060 1190 1148 repente
1208 1058 1328 1133 ortum,
1350 1055 1381 1116 ot

281 1172 385 1244 celeri
409 1169 475 1242 line
499 1169 708 1270 completum
731 1178 792 1240 est
845 1164 952 1248 Quod
966 1170 1128 1268 superbia
1149 1167 1248 1242 simul
1273 1191 1314 1256 aa
1330 1189 1380 1237 so-

281 1287 398 1362 cordia
431 1285 621 1358 Tassilonis
656 1285 754 1361 ducis
788 1289 964 1377 excitavit;
1004 1290 1064 1388 qui
1095 1287 1232 1360 hortatu
1262 1286 1381 1380 uxoris,
1418 1293 1420 1350 J

280 1407 369 1510 quae
393 1406 459 1478 lilia
483 1403 661 1514 Desiderii
685 1410 778 1504 regis
804 1418 876 1480 erat
899 1433 939 1480 ac
964 1410 1069 1508 patris
1081 1409 1216 1480 exilium
1237 1432 1300 1504 per
1317 1428 1380 1476 ma-

278 1532 381 1640 ritum
406 1527 527 1598 ulcisci
551 1551 657 1624 posse
681 1528 833 1626 putabat,
858 1532 975 1602 iuncto
1001 1527 1141 1602 loedere
1168 1550 1245 1598 cum
1263 1522 1381 1608 Hunis,

208 1693 212 1700 ·
281 1651 340 1747 qui
364 1644 534 1718 Baioariis
567 1659 645 1718 sunt
677 1649 719 1722 ab
748 1649 881 1720 oriente
915 1647 1133 1732 contermini,
1168 1670 1237 1716 non
1275 1643 1383 1714 solum

280 1771 443 1866 imperata
468 1792 538 1838 non
562 1765 686 1856 lacere,
709 1766 773 1840 sed
797 1767 891 1841 bello
922 1791 1040 1864 regem
1065 1787 1252 1864 provocare
1276 1771 1385 1834 tenta-

279 1891 348 1964 bat.
398 1883 506 1962 Cuius
532 1889 788 1973 contumaciam,
815 1888 894 1986 quia
919 1887 1021 1958 nimia
1044 1883 1234 1970 videbatur,
1259 1883 1383 1954 animo-

281 2011 363 2081 sitas
385 2009 478 2103 regis
496 2004 584 2078 serre
606 2009 816 2105 nequiverat,
839 2029 880 2076 ao
904 2003 1067 2102 proinde,
1100 2004 1212 2101 eopiis
1235 1999 1383 2098 undique
1419 2041 1420 2116 ἐ

282 2127 466 2200 contractis
491 2121 684 2196 Baioariam
708 2127 887 2222 petiturus,
912 2126 988 2224 ipse
1009 2123 1053 2198 ad
1073 2119 1233 2196 Leehum
1252 2143 1383 2194 omnem
1419 2123 1420 2214 ζ

280 2398 375 2480 ipsam
401 2408 431 2456 et
451 2414 567 2456 omnem
593 2396 734 2478 populum
752 2391 993 2462 Beneventanum
1023 2407 1203 2459 sacramento
1232 2394 1383 2500 confirmo:

277 2505 357 2556 rent.
405 2492 468 2551 llos
492 2510 564 2550 vero
587 2491 699 2573 legatos
721 2493 845 2554 Carolus
864 2513 927 2552 non
948 2491 1056 2554 dimisit
1081 2511 1146 2551 eran
1163 2492 1312 2566 Amiso,
1338 2507 1384 2568 qur

280 2591 470 2650 hoc-tantum
490 2586 546 2646 sibi
566 2597 667 2666 pactus
689 2597 743 2661 est,
763 2607 801 2646 ne
820 2588 882 2666 ipse
902 2587 933 2645 in
954 2581 1144 2666 conspectum
1164 2582 1267 2644 Caroli
1288 2585 1383 2649 venire

282 2693 449 2763 cogeretur.
489 2681 644 2755 Coniicio,
663 2681 743 2759 quod
763 2680 795 2740 in
813 2680 1018 2761 Manuscriptis
1044 2679 1159 2761 saepius
1184 2683 1330 2758 occurrit,
1353 2679 1384 2738 li·
1418 2749 1419 2758 χ

281 2778 410 2837 brarinm
436 2776 549 2836 nomini
574 2775 652 2836 sorte
682 2775 758 2841 male
786 2775 897 2855 scripto
929 2796 963 2836 ex
994 2776 1235 2838 antecedentibus
1268 2796 1384 2850 nomen,

281 2871 361 2950 qnod
379 2869 436 2928 sibi
456 2869 667 2930 nobilissimum
686 2891 748 2932 esse
767 2870 938 2946 videbatur,
956 2872 1157 2952 supposuisse,
1177 2893 1211 2932 ae
1229 2874 1386 2934 restituen-

281 2967 349 3029 dum
370 2984 431 3024 esse
450 2961 514 3024 eum
533 2964 690 3042 Rumoldo,
711 2967 761 3047 qui
780 2967 854 3028 lilius
873 2966 967 3026 maior
986 2978 1057 3026 natu
1077 2978 1148 3028 erat.
1196 2968 1233 3027 In
1258 2981 1384 3030 mentem

202 3075 216 3102 x
281 3053 399 3141 quoque
418 3060 513 3135 venit,
544 3083 631 3142 quum
655 3063 785 3123 Annales
805 3061 987 3135 conferrem,
1013 3082 1083 3121 num
1101 3062 1192 3123 verba
1210 3063 1385 3145 transposita
1418 3137 1419 3144 ἶ

280 3157 348 3233 sint,
368 3155 584 3238 legendumque
603 3159 654 3220 sit:
679 3159 834 3237 legalisque
857 3153 1089 3218 absumeremur
1109 3157 1259 3236 fidelitatis
1283 3181 1303 3220 a
1326 3158 1384 3218 Be·
1418 3221 1419 3226 ,

280 3257 443 3312 montanis
462 3274 526 3313 cum
544 3255 677 3329 Arargiso
697 3252 755 3332 (uti
773 3263 874 3316 antea:
893 3273 924 3312 se
941 3273 1006 3336 cum
1021 3254 1119 3332 gente)
1138 3251 1287 3330 erigenda
1305 3267 1385 3332 atqu

279 3347 461 3422 decipiendo
483 3348 617 3410 dimissio.
676 3347 761 3422 Quae
793 3348 916 3408 mutatio
946 3359 1044 3409 tamen
1070 3349 1171 3409 durior
1199 3349 1326 3410 videtur.
1347 3376 1384 3392 -

176 3435 179 3443 ’
280 3440 442 3504 Bredow.
481 3445 569 3505 Nulla
585 3465 657 3526 opus
668 3453 712 3504 est
723 3442 895 3503 mutatione.
919 3443 1000 3505 Bene
1012 3443 1089 3502 enim
1101 3455 1241 3506 monente
1254 3443 1384 3517 Perlzio,

279 3557 345 3597 cum
362 3539 495 3612 Aragiso
513 3539 591 3598 idem
609 3539 688 3600 valet
706 3537 786 3618 quod
805 3535 887 3612 apud
894 3539 1065 3614 Araga'sum.
1095 3538 1158 3600 Csr.
1172 3539 1279 3600 Gdrara
1289 3539 1384 3600 Mais·

279 3635 350 3692 sinc.
372 3652 397 3692 a.
416 3637 489 3707 809,
513 3651 542 3711 p-
561 3639 628 3698 309.
654 3655 679 3694 a.
703 3639 777 3707 812,
801 3632 872 3694 ibid.
901 3634 1076 3710 Gregorii
1096 3635 1298 3696 Turonens.
1324 3633 1383 3696 dist.

280 3727 358 3801 epit,
377 3745 402 3782 c·
421 3731 470 3800 52,
490 3747 519 3806 p·
538 3731 596 3793 568
613 3728 750 3789 Ruinart:
778 3725 938 3788 clareamus
956 3749 1021 3788 orna
1041 3726 1216 3792 vuilelmo
1229 3729 1383 3812 pertendit.

314 3831 315 3834 ’
362 3820 391 3894 ¹)
410 3819 469 3884 All.
488 3820 581 3884 rediit.
618 3853 658 3870 ···
699 3825 731 3903 ²)
750 3823 809 3884 llll.
828 3827 1089 3904 consummatisque.

359 3916 392 3993 ⁰)
410 3913 468 3974 All.
487 3915 672 3995 Baliaricum,
690 3920 910 4002 Bawoardounr,
929 3917 1128 3980 Boiomdeum.
1148 3959 1186 3972 --
1209 3920 1305 3982 Valde
1327 3919 1383 3982 dil·

281 4011 381 4073 ferunt
399 4009 557 4092 scriptores
576 4013 607 4074 in
631 4027 728 4077 terrae
751 4016 835 4076 huius
854 4014 983 4075 nomine.
1016 4014 1163 4096 Scribitur
1184 4017 1262 4078 enim
1288 4017 1382 4078 Boiu·

279 4111 363 4171 veria
380 4107 504 4187 (Annaz.
528 4107 707 4191 Guelferlye.
727 4134 752 4172 a.
771 4112 844 4189 7411)
868 4109 1045 4186 Raugonia
1070 4111 1200 4191 (Amr.
1224 4111 1382 4174 Alam

283 4221 308 4260 a.
327 4203 400 4280 744)
418 4201 551 4264 Rauola
569 4203 665 4276 (Aaou.
684 4206 797 4266 Naum
817 4223 842 4264 a.
862 4206 934 4283 744)
957 4205 1102 4268 Poioorio
1119 4209 1212 4286 (Am.
1238 4203 1382 4268 Laome

282 4299 339 4364 755
358 4299 417 4376 sq.)
435 4298 578 4362 Belwerdo
596 4299 720 4382 (Annae
738 4299 851 4361 Nauae.
871 4322 888 4364 e
907 4303 988 4382 787).
1013 4303 1170 4368 Accedunt
1185 4303 1308 4366 nomina
1320 4305 1381 4366 No·
