2870 5086
531 445 675 544 ,ro

102 613 228 686 schenlr
241 615 293 712 ¹),
323 612 393 685 und
408 611 613 726 ¹wurde0im
637 610 669 686 J.
691 613 764 686 817
795 637 873 684 aum
896 609 1098 709 Rathgeber
1120 611 1199 690 und

99 730 230 806 Ftihrer
253 731 517 825 Lothars„wie
548 731 663 806 frtiher
694 745 794 806 unter
823 729 914 805 Karl‘
939 730 1016 804 dem
1047 729 1198 806 Grolseu

105 863 302 874 ’‘a—

157 905 188 982 ¹)
207 903 266 964 Die
286 887 610 985 Schenlcungsu'rkunde
630 903 735 962 lautet:
767 901 806 960 lo
824 906 936 963 omnine
954 903 1078 965 Domini
1095 901 1155 964 Dei
1172 919 1199 965 et

97 998 257 1069 Salamis
273 1005 366 1061 metri
383 1001 457 1058 Jesu
484 995 611 1074 ctum,
638 995 805 1058 Ludovicus
830 997 927 1059 divina
948 999 1103 1062 ordinante
1128 1021 1198 1080 pro-

97 1094 224 1154 videntia
243 1095 410 1176 Imperator
419 1093 575 1185 Augustus.
615 1093 826 1174 Imperatoriae
841 1092 1017 1156 Celsitudini
1035 1098 1125 1158 moris
1145 1109 1199 1173 est,

97 1189 223 1250 fideliter
241 1191 297 1250 sibi
316 1187 488 1251 famulantes
509 1187 594 1250 donis
613 1187 822 1266 multiplicibus
847 1200 935 1268 atque
961 1189 1124 1254 honoribus
1151 1195 1198 1254 in-

95 1287 234 1366 gentibus
253 1284 401 1345 honorare
421 1295 508 1362 atque
528 1283 695 1344 sublimare.
733 1282 864 1343 Proinde
884 1304 939 1344 nos
958 1305 1072 1346 morem
1091 1308 1198 1366 paren-

94 1381 165 1440 tium
186 1391 368 1452 nostrorum,
396 1367 499 1459 regum
518 1379 658 1439 videlicet
681 1381 939 1460 praedecessorum
963 1393 1132 1442 nostrorum
1151 1403 1198 1444 se-

94 1473 332 1554 quentes,‘libuit
344 1471 521 1534 Celsitudini
541 1486 669 1550 nostrae,
689 1475 806 1536 fidelem
819 1477 963 1555 quendam
979 1488 1123 1552 nostrum,
1142 1497 1199 1538 no-

93 1572 169 1632 mine
189 1569 388 1643 Einhardum,
407 1569 443 1628 de
464 1568 569 1648 quibus
587 1567 676 1630 rebus
695 1572 884 1652 proprietatis
903 1584 1021 1634 nostrae
1041 1573 1199 1647 honorare,

93 1679 179 1746 atque
200 1666 232 1726 in
248 1665 293 1726 sui
307 1664 377 1724 iuris
394 1675 569 1743 potestatem
587 1664 902 1730 liberalitatisnostrae
914 1670 1036 1750 gratiam
1051 1669 1198 1728 conserte.

93 1765 157 1826 Nec
175 1759 340 1822 immerito:
361 1757 471 1851 quippe
492 1781 557 1820 cum
577 1771 607 1820 et
627 1759 772 1838 fidelitatis
793 1765 949 1844 obsequio,
969 1775 999 1824 et
1011 1763 1199 1828 obedientiae

95 1845 265 1929 devotione,
285 1853 342 1912 hoe
363 1855 440 1934 apud
452 1853 648 1916 Serenitatem
667 1867 798 1916 nostram
818 1859 906 1940 digne
925 1870 1053 1920 meretur
1069 1858 1200 1938 adipisci,

95 1955 144 2033 qui
161 1932 240 2013 totisx
255 1947 366 2009 nisibus
385 1970 593 2030 usquequaque
613 1961 717 2010 nostro
737 1949 873 2025 servitio,
897 1954 1005 2014 nostris
1024 1953 1199 2014 iussionibus

92 2047 220 2110 fideliter
240 2065 344 2124 parere
369 2046 475 2104 studet
534 2043 608 2106 In'de
634 2047 752 2108 noverit
776 2048 954 2128 experientia
979 2059 1067 2128 atque
1091 2048 1199 2111 utilitas

94 2143 224 2202 omnium
238 2153 408 2200 nostrorum
424 2140 564 2218 fidelium,
583 2153 641 2202 tam
661 2144 858 2221 praesentium
879 2165 966 2225 quam
978 2155 1008 2206 et
1018 2143 1199 2222 ¹futurorum,

93 2241 157 2322 quia
179 2237 377 2299 concessimus
396 2235 492 2298 eidem
510 2235 592 2296 lideli
610 2245 712 2296 nostro
731 2237 900 2314 Einhardo,
918 2259 974 2300 nec
993 2257 1056 2298 non
1076 2249 1107 2298 et
1125 2229 1214 2298 con-¹

92 2337 152 2419 iugi
180 2353 268 2406 suae,
298 2333 424 2410 Immae,
453 2333 483 2392 in
509 2331 641 2412 partibus
661 2329 839 2392 Germaniae
864 2333 976 2410 locum,
1008 2333 1058 2414 qui
1077 2344 1200 2394 vocatur

91 2428 442 2508 matrimisque,
475 2448 549 2508 quae
569 2437 691 2486 vocatur
714 2425 920 2502 OdmawaMa,
950 2428 981 2486 in
994 2429 1082 2488 'cuius
1101 2428 1199 2491 medio

93 2542 135 2590 est
153 2526 278 2590 basilica
298 2523 396 2606 lignea
415 2521 531 2584 modice
552 2532 733 2596 constructa,
763 2522 799 2582 de
821 2542 876 2602 qua
896 2521 928 2580 in
947 2541 1064 2583 omnem
1085 2535 1200 2604 partem

93 2645 207 2704 quaqua
228 2637 328 2682 versus
346 2609 500 2700 'pertinent
518 2619 554 2678 ad
575 2618 700 2678 eundem
720 2617 819 2697 locum
838 2617 917 2676 inter
936 2637 1069 2698 campum
1089 2631 1120 2678 et
1139 2619 1199 2700 syl-

92 2739 153 2780 vam
173 2719 285 2798 leugae
306 2717 396 2790 duae,
421 2715 530 2790 idest,
559 2725 635 2774 rasta
659 2735 726 2774 una.
765 2713 847 2773 Intra
867 2713 948 2774 cuius
967 2735 1127 2790 mensurae,
1142 2715 1200 2776 cir-

92 2814 278 2894 cumplexum
296 2823 417 2870 manent
435 2809 583 2890 praesenti
601 2821 736 2890 tempore
756 2810 832 2870 servi
852 2809 946 2870 nostri
964 2811 1079 2890 proprii
1098 2811 1199 2872 XIIII.

91 2932 155 2971 cum
174 2906 322 2997 uxoribuq
339 2905 396 2966 suis
417 2917 447 2966 et
465 2905 541 2978 filiis,
560 2915 677 2983 praeter
696 2905 749 2964 hos
768 2917 837 2966 sunt
855 2905 887 2966 in
905 2907 1011 2968 eodem
1032 2907 1101 2969 loco
1121 2907 1200 2972 inter

90 3005 238 3067 masculos
258 3013 288 3062 et
307 3001 450 3062 foeminas
469 3000 614 3080 mancipia
632 2999 694 3058 XL.
752 3001 839 3061 Hunc
865 3001 962 3062 locum
982 3023 1048 3062 cum
1067 3003 1200 3088 terminis

90 3102 165 3177 suis,
196 3097 255 3160 sub
275 3099 444 3180 integritate
465 3107 495 3156 et
513 3095 664 3175 mancipiis
684 3094 757 3168 suis,
783 3115 919 3156 necnon
940 3109 970 3156 et
987 3095 1100 3172 villam,
1125 3119 1200 3178 quae

91 3199 199 3260 dicitur
219 3191 408 3269 Milichum,
430 3213 505 3277 quae
527 3204 570 3252 est
588 3191 619 3250 iu
639 3211 717 3273 pago
734 3189 959 3269 Moyuecgorwe,
979 3193 1032 3250 sita
1052 3213 1140 3272 super
1158 3193 1200 3254 ri·

91 3316 158 3375 pam
177 3290 312 3353 fluminis
332 3291 455 3369 Moysi,
477 3308 551 3369 quae
572 3287 720 3368 quondam
738 3285 888 3370 Dragonis
911 3287 1028 3347 'comitis
1052 3289 1199 3368 possessio

90 3391 161 3466 luit,
192 3400 226 3450 et
246 3385 336 3446 habet
359 3385 508 3447 basilicam
527 3403 646 3465 parvam
665 3401 749 3442 muro
770 3380 886 3457 factam,
917 3383 949 3442 in
969 3403 1025 3462 qua
1045 3383 1114 3445 villa
1132 3395 1200 3444 sunt

89 3487 184 3548 mansi
205 3484 302 3557 XIX,
333 3494 363 3542 et
381 3467 622 3561 servi‘praesenti
644 3489 781 3562 ternpore*
798 3477 950 3540 manentes
976 3501 1042 3540 cum
1061 3479 1200 3542 uxoribus

90 3595 120 3642 et
138 3581 246 3642 liberis
266 3597 389 3638 numero
400 3577 498 3637 x111.:
518 3575 594 3634 sicut
613 3585 643 3633 et
660 3573 692 3632 in
712 3572 803 3633 altera
822 3572 900 3649 villa,
921 3576 1027 3636 eodem
1042 3575 1200 3653 vocabulo,

90 3699 179 3758 supra
193 3673 329 3736 'eundem
348 3671 485 3749 fluvium,
505 3691 579 3752 quae
598 3680 721 3732 vocatur
739 3669 869 3751 defertor
885 3669 1071 3749 Mountam,
1090 3673 1121 3736 in
1142 3693 1200 3752 qua

90 3785 159 3834 sunt
178 3770 276 3832 mansi
294 3767 383 3843 1111.‚
403 3781 433 3828 et
451 3768 528 3830 servi
545 3777 695 3826 manentes
714 3765 839 3826 totidem
860 3789 925 3826 cum
937 3769 1073 3831 uxoribus
1089 3781 1120 3830 et
1131 3789 1200 3849 par-

90 3867 181 3942 vulis,
209 3864 261 3944 qui
280 3853 430 3944 pertinent
448 3865 485 3925 ad
504 3863 635 3944 superius
656 3859 761 3922 dictam
779 3861 886 3923 villam.
926 3863 1011 3926 Hauc
1031 3864 1144 3938 villam,
1169 3863 1200 3926 id

90 3975 135 4023 est
154 3961 344 4049 superiorem
355 3959 541 4038 Moestum,
563 3977 628 4020 cum
648 3957 828 4038 appendiciis
843 3960 901 4020 suis
922 3971 952 4020 et
965 3959 1116 4040 mancipiis
1127 3979 1199 4038 pro-

91 4057 164 4138 priis
187 4057 228 4116 ad
248 4077 312 4116 eam
331 4057 561 4136 pertinentibus,
588 4065 619 4115 et
641 4053 713 4114 haec
733 4053 831 4116 omnia
850 4057 1045 4136 suprascripta
1065 4075 1130 4113 cum
1150 4074 1199 4116 ec-

90 4153 202 4230 clesiis,
224 4151 383 4228 villaribus,
403 4151 585 4228 dominibus,
604 4149 772 4231 mancipiis,
791 4151 888 4231 sylvis,
906 4152 1008 4224 terris,
1027 4148 1127 4229 pratis,
1146 4171 1199 4230 pa-

90 4249 186 4324 scuis,
217 4247 316 4327 aquis,
340 4267 536 4326 aquarumque
562 4245 747 4320 decursibus,
776 4245 885 4308 cultum
913 4255 944 4304 et
968 4245 1109 4306 incultum
1134 4267 1199 4316 cum

91 4343 237 4406 omnibus
256 4343 452 4406 adiacentibus
472 4355 503 4402 et
522 4341 714 4424 appendiciis,
732 4353 826 4403 totum
847 4351 877 4401 et
896 4340 933 4402 ad
945 4339 1102 4424 integrum,
1121 4339 1200 4401 lideli
