2834 5090
777 327 786 340 d

882 348 884 358 r

281 552 353 646 Ad'
372 593 497 668 eorpus
522 570 679 641 camisam
694 567 728 664 ¹)
760 551 882 644 lineam
918 581 954 642 et
990 570 1253 669 feminalibus²)
1285 573 1374 648 lineis

61 675 66 690 ’
167 726 170 748 ·
281 690 499 788 induebatur;
537 687 663 760 deinde
694 691 842 762 tunicam
876 713 964 786 quae
996 689 1102 764 limbo
1128 689 1288 788 serieoi)
1312 720 1374 765 am-

281 812 454 896 biebatur,
481 819 520 880 et
550 807 695 895 tibialia;
726 820 797 882 tum
827 806 979 882 facialis
991 807 1027 905 4)
1061 835 1176 900 crura,
1211 823 1247 885 et
1270 811 1372 911 pedes

221 927 226 942 ’
280 930 520 1003 calceamentis
544 929 812 1024 constringebat,
839 940 874 1000 et
900 952 943 1000 ex
957 925 993 1022 ⁵)
1015 930 1164 1026 pellibus
1189 930 1320 1002 lutrinis
1342 940 1374 1000 et
1408 981 1409 986 η

277 1049 465 1143 murrinisl)
491 1046 632 1120 thorace
658 1047 819 1120 conlecto
849 1049 1011 1120 humeros
1043 1061 1231 1149 aspectus
1256 1047 1373 1149 hyeme

165 1257 170 1266 Ι
276 1169 467 1268 muniebam
492 1193 576 1264 sago
600 1164 739 1240 Veneto
761 1169 924 1256 amictus,
957 1179 991 1240 et
1015 1169 1131 1264 gladio
1162 1195 1300 1267 semper
1320 1193 1372 1240 ae-

279 1293 421 1376 cinctus,
446 1289 543 1360 euius
571 1287 711 1384 capulus
737 1311 777 1358 ac
799 1288 933 1362 balteus
954 1298 1010 1359 aut
1030 1313 1153 1363 aureus
1178 1302 1235 1363 aut
1256 1312 1371 1386 argen-

194 1447 197 1456 ,
276 1423 353 1484 teus
377 1419 456 1482 erat.
493 1403 692 1504 Aliquoties
710 1418 745 1478 et
759 1415 930 1503 gemmato
944 1405 979 1501 ⁷)
1002 1431 1084 1479 ense
1098 1408 1266 1496 utebatur,
1283 1405 1371 1506 q'uod

275 1543 389 1604 tamen
400 1528 536 1600 nonnisi
552 1528 589 1598 in
612 1528 807 1624 praecipuis
830 1525 1082 1612 festivitatibus,
1107 1527 1162 1600 vel
1187 1527 1371 1626 siquando

276 1660 465 1720 exterarum
486 1647 639 1743 gentium
661 1646 770 1742 legati
795 1644 1028 1738 venissentl).
1077 1643 1266 1744 Peregrina
1291 1673 1371 1720 vero

273 1767 489 1855 indumenta,
521 1767 674 1865 quamvis
700 1765 942 1863 pulcherrima,
973 1761 1173 1864 respuebat,
1197 1790 1270 1837 neo
1297 1793 1369 1839 um-

273 1913 373 1988 quam
407 1890 457 1960 eis
483 1885 578 1958 indui
602 1886 810 1983 patiebatur,
839 1895 985 1981 excepto
1020 1884 1116 1982 quod
1151 1881 1287 1958 Romae
1318 1911 1369 1958 se·

270 2008 349 2094 mel,
372 2003 526 2081 Adriano
539 2005 574 2096 ⁰)
590 2003 753 2102 pontifice
775 2015 927 2100 petente,
952 2014 988 2073 et
1011 2004 1133 2074 iterum
1148 2001 1272 2079 Leone
1296 2031 1370 2078 suc-

263 2149 411 2197 ·eessore
437 2127 512 2219 eius
537 2120 751 2219 supplicante
765 2119 833 2215 1⁰),
858 2121 962 2217 longa
992 2123 1108 2194 tunica
1132 2132 1169 2194 et
1193 2125 1369 2227 chlamyde

268 2246 427 2330 amictus,
452 2243 578 2314 calceis
603 2265 743 2340 quoque
766 2235 925 2333 Romano
951 2245 1117 2335 morell)
1142 2241 1296 2320 formatis
1320 2249 1368 2320 in·

142 2429 145 2440 .
270 2363 445 2438 duebatur.
494 2359 534 2436 ln
559 2359 872 2455 festivitatibus-¹²)
893 2371 991 2437 veste
1015 2386 1097 2434 auro
1121 2369 1215 2438 tecta
1242 2377 1279 2442 et
1302 2365 1366 2440 eal-
1409 2431 1410 2440 ,

267 2551 468 2565 w

347 2688 378 2764 ¹)
396 2686 455 2744 All.
474 2686 631 2758 camisiam,
650 2685 769 2742 samaia
786 2681 871 2740 linea.
890 2711 929 2726 ·-
950 2676 1076 2740 camisia
1096 2691 1153 2758 est,
1179 2703 1267 2764 qnam
1289 2689 1362 2750 Galli
1408 2723 1409 2769 l

266 2777 399 2854 chemise,
425 2779 492 2844 Itali
515 2776 686 2852 camigivoia
710 2776 868 2858 appellant.
917 2773 1054 2836 Isidem
1088 2772 1173 2854 Orig.
1197 2781 1286 2861 XIX,
1314 2792 1362 2851 222

268 2875 410 2934 Gamimas
427 2895 570 2945 vocamus,
590 2870 717 2951 quodam
735 2869 780 2931 bis
797 2869 954 2932 dormimus
971 2875 1003 2932 ia
1021 2872 1127 2944 cumam
1146 2869 1176 2934 k.
1196 2897 1222 2941 e
1242 2883 1275 2942 επ
1292 2897 1362 2944 m.

261 2973 297 3030 ris
314 2972 428 3034 uostris
446 2967 560 3028 Brito
551 2987 581 3025 rn
602 2968 764 3060 Synonypr.

410 3055 571 3124 Inuallem
588 3063 634 3123 vel
654 3065 808 3134 &amisium
825 3083 885 3128 rem
903 3062 1024 3124 dr'cimm
1040 3086 1146 3146 meam,-

411 3158 545 3222 Additur
561 3157 606 3220 lu
624 3158 701 3218 aliae
718 3155 848 3218 melitera
865 3157 994 3220 uehicula
1012 3175 1104 3224 vemas.
1123 3195 1163 3212 -

120 3253 122 3260 ’
196 3271 198 3275 “
234 3255 469 3326 ,Θοὶἆαεωε.

338 3353 370 3426 ²)
389 3350 447 3410 All.
457 3346 663 3430 femoralibus.
682 3382 722 3396 -
742 3347 772 3408 S.
792 3348 990 3430 Hieronymus
1013 3351 1045 3412 iu
1068 3354 1162 3435 Epist,
1187 3358 1225 3418 ad
1250 3360 1359 3421 Fabio.

258 3445 330 3504 lam:
349 3443 452 3504 Limeis
461 3443 665 3522 fmaimalibus,
686 3466 760 3524 qaas
777 3467 866 3524 aerque
884 3445 927 3505 ad
939 3467 1036 3522 genua
1054 3463 1081 3508 er
1094 3451 1219 3528 poplites
1236 3461 1358 3532 omium,

255 3537 378 3599 amanda
396 3538 535 3615 selamim,
554 3555 580 3600 et
597 3545 730 3616 temperior·
741 3563 818 3618 pars
835 3538 888 3599 sah
905 3540 1037 3604 ombilico
1050 3542 1222 3605 vadentem
1230 3546 1357 3610 adarim·

226 3695 228 3704 ¹
252 3635 356 3784 gimrb
377 3632 538 3694 Feminalia
562 3631 751 3711 Umtmdos'aa;
774 3635 885 3698 tibialia
904 3635 1014 3715 Hosne,
1035 3661 1109 3720 quae
1129 3655 1302 3708 cernuntur.
1319 3681 1357 3698 ›-

253 3725 327 3786 Bre
356 3735 413 3786 om.

330 3820 363 3899 ³)
381 3820 440 3880 All.
457 3825 554 3898 siriam
574 3829 676 3904 syriam

271 3929 276 3939 ’
332 3918 363 3994 ⁴)
382 3915 441 3975 All.
460 3916 571 3978 tibialia
588 3942 653 3982 eum
662 3921 822 4003 fracielisr
838 3942 928 3982 marra
948 3933 977 3982 et
997 3944 1024 4004 q.
1045 3947 1066 3985 r.
1171 3962 1175 3974 ι

330 4009 527 4089 >Decetia
547 4013 594 4074 all
614 4016 700 4078 codd
738 4054 776 4067 -
818 4018 850 4095 ⁶)
868 4016 961 4078 Deest
979 4019 1010 4078 in
1029 4019 1076 4081 all.
1097 4023 1182 4084 codd

330 4108 361 4182 ⁵1)
380 4106 439 4166 All.
454 4111 685 4184 gmrriaatom-
726 4113 758 4191 ⁸)
776 4111 873 4192 Bouq.
892 4111 1028 4175 adeam

326 4202 424 4279 ⁹)nl.
443 4202 612 4266 Hadriano
649 4237 689 4252 —
733 4209 784 4285 ¹⁰)
802 4205 923 4268 Deest
914 4231 945 4268 m
965 4209 1013 4270 all
1032 4209 1117 4271 oodd.

308 4297 436 4373 ¹¹)All.
456 4321 625 4430 meren-
668 4285 1035 4380 ¹²)nlsb110mtambm
1231 4307 1234 4314 ’
