<?xml version="1.0" encoding="UTF-8"?>
<!DOCTYPE html PUBLIC "-//W3C//DTD XHTML 1.0 Transitional//EN"
    "http://www.w3.org/TR/xhtml1/DTD/xhtml1-transitional.dtd">
<html xmlns="http://www.w3.org/1999/xhtml" xml:lang="en" lang="en">
 <head>
  <title>
</title>
<meta http-equiv="Content-Type" content="text/html;charset=utf-8" />
  <meta name='ocr-system' content='tesseract 3.04.00' />
  <meta name='ocr-capabilities' content='ocr_page ocr_carea ocr_par ocr_line ocrx_word'/>
</head>
<body>
  <div class='ocr_page' id='page_1' title='image "./lebenundwandelk01egingoog_0073.png"; bbox 0 0 2870 5086; ppageno 0'>
   <div class='ocr_carea' id='block_1_1' title="bbox 386 1177 842 1266">
    <p class='ocr_par' dir='ltr' id='par_1_1' title="bbox 386 1177 842 1266">
     <span class='ocr_line' id='line_1_1' title="bbox 386 1177 842 1266; baseline 0.002 0"><span class='ocrx_word' id='word_1_1' title='bbox 386 1177 842 1266; x_wconf 70' lang='lat' dir='ltr'><strong>Praefatio</strong></span> 
     </span>
    </p>
   </div>
   <div class='ocr_carea' id='block_1_2' title="bbox 15 1471 1262 3282">
    <p class='ocr_par' dir='ltr' id='par_1_2' title="bbox 15 1471 1262 3282">
     <span class='ocr_line' id='line_1_2' title="bbox 68 1471 1171 1610; baseline 0.004 -25"><span class='ocrx_word' id='word_1_2' title='bbox 68 1471 208 1595; x_wconf 80' lang='lat' dir='ltr'><strong>Vitam</strong></span> <span class='ocrx_word' id='word_1_3' title='bbox 232 1523 267 1585; x_wconf 92' lang='lat' dir='ltr'><strong>et</strong></span> <span class='ocrx_word' id='word_1_4' title='bbox 299 1517 594 1586; x_wconf 88' lang='lat' dir='ltr'><strong>conversationem</strong></span> <span class='ocrx_word' id='word_1_5' title='bbox 607 1513 641 1610; x_wconf 94' lang='lat' dir='ltr'><strong>l)</strong></span> <span class='ocrx_word' id='word_1_6' title='bbox 674 1524 710 1584; x_wconf 88' lang='lat' dir='ltr'><strong>et</strong></span> <span class='ocrx_word' id='word_1_7' title='bbox 739 1523 906 1609; x_wconf 84' lang='lat' dir='ltr'><strong>exparte</strong></span> <span class='ocrx_word' id='word_1_8' title='bbox 939 1539 1008 1586; x_wconf 91' lang='lat' dir='ltr'><strong>non</strong></span> <span class='ocrx_word' id='word_1_9' title='bbox 1034 1515 1171 1590; x_wconf 89' lang='lat' dir='ltr'><strong>modica</strong></span> 
     </span>
     <span class='ocr_line' id='line_1_3' title="bbox 67 1629 1170 1731; baseline 0 -26"><span class='ocrx_word' id='word_1_10' title='bbox 67 1639 118 1705; x_wconf 78' lang='lat' dir='ltr'><strong>res</strong></span> <span class='ocrx_word' id='word_1_11' title='bbox 143 1643 260 1731; x_wconf 84' lang='lat' dir='ltr'><strong>gestas</strong></span> <span class='ocrx_word' id='word_1_12' title='bbox 287 1631 403 1704; x_wconf 89' lang='lat' dir='ltr'><strong>domni</strong></span> <span class='ocrx_word' id='word_1_13' title='bbox 430 1643 465 1703; x_wconf 86' lang='lat' dir='ltr'><strong>et</strong></span> <span class='ocrx_word' id='word_1_14' title='bbox 489 1631 664 1703; x_wconf 84' lang='lat' dir='ltr'><strong>nutritoris</strong></span> <span class='ocrx_word' id='word_1_15' title='bbox 695 1632 764 1701; x_wconf 90' lang='lat' dir='ltr'><strong>mei</strong></span> <span class='ocrx_word' id='word_1_16' title='bbox 787 1629 924 1722; x_wconf 88' lang='lat' dir='ltr'><strong>Karoli‚</strong></span> <span class='ocrx_word' id='word_1_17' title='bbox 954 1633 1170 1709; x_wconf 57' lang='lat' dir='ltr'><strong>excellentis-</strong></span> 
     </span>
     <span class='ocr_line' id='line_1_4' title="bbox 68 1750 1218 1851; baseline 0.003 -26"><span class='ocrx_word' id='word_1_18' title='bbox 68 1756 140 1826; x_wconf 88' lang='lat' dir='ltr'>simi</span> <span class='ocrx_word' id='word_1_19' title='bbox 173 1765 209 1826; x_wconf 88' lang='lat' dir='ltr'><strong>et</strong></span> <span class='ocrx_word' id='word_1_20' title='bbox 240 1753 362 1824; x_wconf 89' lang='lat' dir='ltr'><strong>merito</strong></span> <span class='ocrx_word' id='word_1_21' title='bbox 401 1750 616 1824; x_wconf 80' lang='lat' dir='ltr'><strong>famosissimi</strong></span> <span class='ocrx_word' id='word_1_22' title='bbox 648 1750 759 1844; x_wconf 86' lang='lat' dir='ltr'><strong>regis,</strong></span> <span class='ocrx_word' id='word_1_23' title='bbox 795 1764 977 1851; x_wconf 83' lang='lat' dir='ltr'>postquam</span> <span class='ocrx_word' id='word_1_24' title='bbox 1011 1755 1171 1828; x_wconf 85' lang='lat' dir='ltr'><strong>scribere</strong></span> <span class='ocrx_word' id='word_1_25' title='bbox 1214 1777 1218 1788; x_wconf 76' lang='grc'><em>’</em></span> 
     </span>
     <span class='ocr_line' id='line_1_5' title="bbox 68 1857 1173 1971; baseline -0.001 -25"><span class='ocrx_word' id='word_1_26' title='bbox 68 1877 194 1948; x_wconf 89' lang='lat' dir='ltr'><strong>animus</strong></span> <span class='ocrx_word' id='word_1_27' title='bbox 227 1871 320 1960; x_wconf 90' lang='lat' dir='ltr'><strong>tulit,</strong></span> <span class='ocrx_word' id='word_1_28' title='bbox 357 1857 482 1971; x_wconf 88' lang='lat' dir='ltr'><strong>quanta</strong></span> <span class='ocrx_word' id='word_1_29' title='bbox 518 1869 617 1970; x_wconf 92' lang='lat' dir='ltr'><strong>potui</strong></span> <span class='ocrx_word' id='word_1_30' title='bbox 647 1867 816 1958; x_wconf 78' lang='lat' dir='ltr'><strong>brevitate</strong></span> <span class='ocrx_word' id='word_1_31' title='bbox 848 1873 1048 1968; x_wconf 87' lang='lat' dir='ltr'><strong>complexus</strong></span> <span class='ocrx_word' id='word_1_32' title='bbox 1079 1899 1173 1968; x_wconf 86' lang='lat' dir='ltr'><strong>sum;</strong></span> 
     </span>
     <span class='ocr_line' id='line_1_6' title="bbox 68 1985 1172 2092; baseline -0.005 -25"><span class='ocrx_word' id='word_1_33' title='bbox 68 2017 204 2092; x_wconf 84' lang='lat' dir='ltr'>operam</span> <span class='ocrx_word' id='word_1_34' title='bbox 228 1991 448 2092; x_wconf 89' lang='lat' dir='ltr'><strong>impendens,</strong></span> <span class='ocrx_word' id='word_1_35' title='bbox 472 2002 511 2062; x_wconf 92' lang='lat' dir='ltr'><strong>ut</strong></span> <span class='ocrx_word' id='word_1_36' title='bbox 537 1987 582 2062; x_wconf 86' lang='lat' dir='ltr'><strong>de</strong></span> <span class='ocrx_word' id='word_1_37' title='bbox 606 1987 677 2075; x_wconf 90' lang='lat' dir='ltr'><strong>his,</strong></span> <span class='ocrx_word' id='word_1_38' title='bbox 704 2013 792 2086; x_wconf 86' lang='lat' dir='ltr'><strong>quae</strong></span> <span class='ocrx_word' id='word_1_39' title='bbox 817 1988 862 2062; x_wconf 92' lang='lat' dir='ltr'><strong>ad</strong></span> <span class='ocrx_word' id='word_1_40' title='bbox 885 2015 996 2064; x_wconf 89' lang='lat' dir='ltr'><strong>meam</strong></span> <span class='ocrx_word' id='word_1_41' title='bbox 1018 1985 1172 2062; x_wconf 86' lang='lat' dir='ltr'><strong>notitiam</strong></span> 
     </span>
     <span class='ocr_line' id='line_1_7' title="bbox 66 2109 1220 2212; baseline -0.003 -26"><span class='ocrx_word' id='word_1_42' title='bbox 66 2117 243 2212; x_wconf 89' lang='lat' dir='ltr'><strong>pervenire</strong></span> <span class='ocrx_word' id='word_1_43' title='bbox 265 2122 461 2212; x_wconf 80' lang='lat' dir='ltr'><strong>potuerunt,</strong></span> <span class='ocrx_word' id='word_1_44' title='bbox 486 2110 571 2183; x_wconf 89' lang='lat' dir='ltr'><strong>nihil</strong></span> <span class='ocrx_word' id='word_1_45' title='bbox 596 2110 809 2199; x_wconf 88' lang='lat' dir='ltr'><strong>omitterem,</strong></span> <span class='ocrx_word' id='word_1_46' title='bbox 836 2136 951 2210; x_wconf 89' lang='lat' dir='ltr'><strong>neque</strong></span> <span class='ocrx_word' id='word_1_47' title='bbox 976 2109 1172 2208; x_wconf 80' lang='lat' dir='ltr'><strong>prolixitate</strong></span> <span class='ocrx_word' id='word_1_48' title='bbox 1216 2138 1220 2152; x_wconf 92' lang='lat'>·</span> 
     </span>
     <span class='ocr_line' id='line_1_8' title="bbox 15 2227 1173 2332; baseline -0.004 -26"><span class='ocrx_word' id='word_1_49' title='bbox 15 2327 17 2332; x_wconf 64' lang='lat'>,</span> <span class='ocrx_word' id='word_1_50' title='bbox 66 2231 221 2307; x_wconf 85' lang='lat' dir='ltr'><strong>narrandi</strong></span> <span class='ocrx_word' id='word_1_51' title='bbox 233 2235 323 2304; x_wconf 76' lang='lat' dir='ltr'><strong>noia</strong></span> <span class='ocrx_word' id='word_1_52' title='bbox 349 2254 505 2330; x_wconf 87' lang='lat' dir='ltr'><strong>quaeque</strong></span> <span class='ocrx_word' id='word_1_53' title='bbox 525 2227 770 2301; x_wconf 80' lang='lat' dir='ltr'><strong>fastidientium</strong></span> <span class='ocrx_word' id='word_1_54' title='bbox 794 2235 925 2320; x_wconf 86' lang='lat' dir='ltr'><strong>animos</strong></span> <span class='ocrx_word' id='word_1_55' title='bbox 941 2227 1173 2318; x_wconf 75' lang='lat' dir='ltr'><strong>ollenderem3</strong></span> 
     </span>
     <span class='ocr_line' id='line_1_9' title="bbox 66 2333 1171 2448; baseline -0.004 -22"><span class='ocrx_word' id='word_1_56' title='bbox 66 2359 91 2428; x_wconf 94' lang='lat' dir='ltr'><strong>si</strong></span> <span class='ocrx_word' id='word_1_57' title='bbox 104 2369 220 2428; x_wconf 88' lang='lat' dir='ltr'><strong>tamen</strong></span> <span class='ocrx_word' id='word_1_58' title='bbox 231 2350 267 2448; x_wconf 82' lang='lat'><strong>²)</strong></span> <span class='ocrx_word' id='word_1_59' title='bbox 282 2350 351 2423; x_wconf 91' lang='lat' dir='ltr'><strong>hoc</strong></span> <span class='ocrx_word' id='word_1_60' title='bbox 364 2350 435 2422; x_wconf 93' lang='lat' dir='ltr'><strong>ullo</strong></span> <span class='ocrx_word' id='word_1_61' title='bbox 450 2345 554 2419; x_wconf 90' lang='lat' dir='ltr'><strong>modo</strong></span> <span class='ocrx_word' id='word_1_62' title='bbox 571 2349 669 2420; x_wconf 86' lang='lat' dir='ltr'><strong>vitari</strong></span> <span class='ocrx_word' id='word_1_63' title='bbox 682 2360 810 2446; x_wconf 70' lang='lat' dir='ltr'><strong>potest,</strong></span> <span class='ocrx_word' id='word_1_64' title='bbox 821 2362 860 2420; x_wconf 93' lang='lat' dir='ltr'><strong>ut</strong></span> <span class='ocrx_word' id='word_1_65' title='bbox 879 2375 969 2419; x_wconf 88' lang='lat' dir='ltr'><strong>nova</strong></span> <span class='ocrx_word' id='word_1_66' title='bbox 982 2333 1171 2446; x_wconf 83' lang='lat' dir='ltr'><strong>scriptione</strong></span> 
     </span>
     <span class='ocr_line' id='line_1_10' title="bbox 65 2453 1171 2568; baseline -0.005 -21"><span class='ocrx_word' id='word_1_67' title='bbox 65 2453 134 2547; x_wconf 85' lang='lat' dir='ltr'><strong>nou¹</strong></span> <span class='ocrx_word' id='word_1_68' title='bbox 149 2469 352 2558; x_wconf 81' lang='lat' dir='ltr'><strong>offendatur,</strong></span> <span class='ocrx_word' id='word_1_69' title='bbox 372 2469 430 2568; x_wconf 92' lang='lat' dir='ltr'><strong>qui</strong></span> <span class='ocrx_word' id='word_1_70' title='bbox 445 2479 562 2540; x_wconf 89' lang='lat' dir='ltr'><strong>vetera</strong></span> <span class='ocrx_word' id='word_1_71' title='bbox 581 2476 615 2538; x_wconf 88' lang='lat' dir='ltr'><strong>et</strong></span> <span class='ocrx_word' id='word_1_72' title='bbox 634 2492 655 2538; x_wconf 89' lang='lat' dir='ltr'><strong>a</strong></span> <span class='ocrx_word' id='word_1_73' title='bbox 673 2469 754 2540; x_wconf 88' lang='lat' dir='ltr'><strong>viris</strong></span> <span class='ocrx_word' id='word_1_74' title='bbox 772 2464 978 2538; x_wconf 84' lang='lat' dir='ltr'><strong>doctissimis</strong></span> <span class='ocrx_word' id='word_1_75' title='bbox 995 2477 1099 2566; x_wconf 89' lang='lat' dir='ltr'><strong>atque</strong></span> <span class='ocrx_word' id='word_1_76' title='bbox 1117 2465 1171 2541; x_wconf 85' lang='lat' dir='ltr'><strong>di-</strong></span> 
     </span>
     <span class='ocr_line' id='line_1_11' title="bbox 66 2583 1211 2686; baseline -0.008 -20"><span class='ocrx_word' id='word_1_77' title='bbox 66 2589 427 2668; x_wconf 86' lang='lat' dir='ltr'><strong>sertissimiscoulecta</strong></span> <span class='ocrx_word' id='word_1_78' title='bbox 440 2583 840 2660; x_wconf 84' lang='lat' dir='ltr'><strong>monimentalastidiunt</strong></span> <span class='ocrx_word' id='word_1_79' title='bbox 864 2583 1170 2686; x_wconf 84' lang='lat' dir='ltr'><strong>thuamquam³)</strong></span> <span class='ocrx_word' id='word_1_80' title='bbox 1206 2675 1211 2684; x_wconf 20' lang='grc' dir='ltr'>ι</span> 
     </span>
     <span class='ocr_line' id='line_1_12' title="bbox 66 2704 1170 2811; baseline -0.008 -24"><span class='ocrx_word' id='word_1_81' title='bbox 66 2716 179 2811; x_wconf 91' lang='lat' dir='ltr'><strong>plures</strong></span> <span class='ocrx_word' id='word_1_82' title='bbox 200 2735 278 2783; x_wconf 91' lang='lat' dir='ltr'><strong>esse</strong></span> <span class='ocrx_word' id='word_1_83' title='bbox 298 2735 369 2780; x_wconf 92' lang='lat' dir='ltr'><strong>non</strong></span> <span class='ocrx_word' id='word_1_84' title='bbox 383 2709 527 2804; x_wconf 84' lang='lat' dir='ltr'><strong>abigam,</strong></span> <span class='ocrx_word' id='word_1_85' title='bbox 547 2708 606 2806; x_wconf 92' lang='lat' dir='ltr'><strong>qui</strong></span> <span class='ocrx_word' id='word_1_86' title='bbox 621 2707 693 2778; x_wconf 91' lang='lat' dir='ltr'><strong>otio</strong></span> <span class='ocrx_word' id='word_1_87' title='bbox 709 2731 751 2778; x_wconf 91' lang='lat' dir='ltr'><strong>ac</strong></span> <span class='ocrx_word' id='word_1_88' title='bbox 770 2705 894 2778; x_wconf 87' lang='lat' dir='ltr'><strong>litteris</strong></span> <span class='ocrx_word' id='word_1_89' title='bbox 912 2704 1032 2794; x_wconf 84' lang='lat' dir='ltr'><strong>dediti,</strong></span> <span class='ocrx_word' id='word_1_90' title='bbox 1047 2715 1170 2778; x_wconf 86' lang='lat' dir='ltr'><strong>statum</strong></span> 
     </span>
     <span class='ocr_line' id='line_1_13' title="bbox 65 2823 1257 2932; baseline -0.004 -25"><span class='ocrx_word' id='word_1_91' title='bbox 65 2838 139 2907; x_wconf 91' lang='lat' dir='ltr'><strong>aevi</strong></span> <span class='ocrx_word' id='word_1_92' title='bbox 151 2829 342 2932; x_wconf 88' lang='lat' dir='ltr'><strong>praesentis</strong></span> <span class='ocrx_word' id='word_1_93' title='bbox 361 2852 430 2896; x_wconf 89' lang='lat' dir='ltr'><strong>non</strong></span> <span class='ocrx_word' id='word_1_94' title='bbox 446 2828 649 2900; x_wconf 86' lang='lat' dir='ltr'><strong>arbitrentur</strong></span> <span class='ocrx_word' id='word_1_95' title='bbox 661 2829 708 2898; x_wconf 89' lang='lat' dir='ltr'><strong>ita</strong></span> <span class='ocrx_word' id='word_1_96' title='bbox 720 2823 976 2924; x_wconf 82' lang='lat' dir='ltr'><strong>negligendum,</strong></span> <span class='ocrx_word' id='word_1_97' title='bbox 998 2837 1045 2898; x_wconf 85' lang='lat' dir='ltr'><strong>ut</strong></span> <span class='ocrx_word' id='word_1_98' title='bbox 1058 2827 1173 2904; x_wconf 79' lang='lat' dir='ltr'><strong>omnia</strong></span> <span class='ocrx_word' id='word_1_99' title='bbox 1253 2875 1257 2890; x_wconf 59' lang='grc' dir='ltr'><em>ι</em></span> 
     </span>
     <span class='ocr_line' id='line_1_14' title="bbox 64 2944 1169 3050; baseline -0.008 -24"><span class='ocrx_word' id='word_1_100' title='bbox 64 2956 201 3050; x_wconf 91' lang='lat' dir='ltr'><strong>penitus</strong></span> <span class='ocrx_word' id='word_1_101' title='bbox 227 2973 315 3048; x_wconf 88' lang='lat' dir='ltr'><strong>quae</strong></span> <span class='ocrx_word' id='word_1_102' title='bbox 339 2970 431 3018; x_wconf 90' lang='lat' dir='ltr'><strong>nunc</strong></span> <span class='ocrx_word' id='word_1_103' title='bbox 455 2944 548 3032; x_wconf 92' lang='lat' dir='ltr'><strong>liunt,</strong></span> <span class='ocrx_word' id='word_1_104' title='bbox 569 2945 664 3015; x_wconf 88' lang='lat' dir='ltr'><strong>velut</strong></span> <span class='ocrx_word' id='word_1_105' title='bbox 686 2945 778 3018; x_wconf 87' lang='lat' dir='ltr'><strong>nulla</strong></span> <span class='ocrx_word' id='word_1_106' title='bbox 797 2950 960 3019; x_wconf 86' lang='lat' dir='ltr'><strong>memoria</strong></span> <span class='ocrx_word' id='word_1_107' title='bbox 985 2945 1098 3044; x_wconf 84' lang='lat' dir='ltr'><strong>digna,</strong></span> <span class='ocrx_word' id='word_1_108' title='bbox 1123 2947 1169 3018; x_wconf 91' lang='lat' dir='ltr'><strong>si-</strong></span> 
     </span>
     <span class='ocr_line' id='line_1_15' title="bbox 65 3059 1262 3167; baseline -0.002 -25"><span class='ocrx_word' id='word_1_109' title='bbox 65 3072 170 3145; x_wconf 77' lang='lat' dir='ltr'><strong>lentio</strong></span> <span class='ocrx_word' id='word_1_110' title='bbox 197 3081 300 3167; x_wconf 88' lang='lat' dir='ltr'><strong>atque</strong></span> <span class='ocrx_word' id='word_1_111' title='bbox 320 3064 493 3138; x_wconf 90' lang='lat' dir='ltr'><strong>oblivione</strong></span> <span class='ocrx_word' id='word_1_112' title='bbox 511 3059 693 3150; x_wconf 87' lang='lat' dir='ltr'><strong>tradantur,</strong></span> <span class='ocrx_word' id='word_1_113' title='bbox 716 3065 900 3160; x_wconf 88' lang='lat' dir='ltr'><strong>potiusque</strong></span> <span class='ocrx_word' id='word_1_114' title='bbox 917 3065 1034 3152; x_wconf 84' lang='lat' dir='ltr'><strong>velint,</strong></span> <span class='ocrx_word' id='word_1_115' title='bbox 1054 3089 1170 3137; x_wconf 88' lang='lat' dir='ltr'><strong>amore</strong></span> <span class='ocrx_word' id='word_1_116' title='bbox 1258 3130 1262 3140; x_wconf 87' lang='grc'><em>,</em></span> 
     </span>
     <span class='ocr_line' id='line_1_16' title="bbox 66 3181 1169 3282; baseline -0.007 -18"><span class='ocrx_word' id='word_1_117' title='bbox 66 3189 293 3266; x_wconf 86' lang='lat' dir='ltr'><strong>diuturnitatis</strong></span> <span class='ocrx_word' id='word_1_118' title='bbox 315 3186 440 3273; x_wconf 81' lang='lat' dir='ltr'><strong>illecti,</strong></span> <span class='ocrx_word' id='word_1_119' title='bbox 466 3183 607 3256; x_wconf 85' lang='lat' dir='ltr'><strong>aliomm</strong></span> <span class='ocrx_word' id='word_1_120' title='bbox 629 3181 803 3282; x_wconf 88' lang='lat' dir='ltr'><strong>praeclara</strong></span> <span class='ocrx_word' id='word_1_121' title='bbox 821 3181 910 3256; x_wconf 85' lang='lat' dir='ltr'><strong>lacta</strong></span> <span class='ocrx_word' id='word_1_122' title='bbox 927 3183 1169 3280; x_wconf 84' lang='lat' dir='ltr'><strong>qualibuscun-</strong></span> 
     </span>
    </p>
   </div>
   <div class='ocr_carea' id='block_1_3' title="bbox 62 3453 1274 4020">
    <p class='ocr_par' dir='ltr' id='par_1_3' title="bbox 62 3453 1274 4020">
     <span class='ocr_line' id='line_1_17' title="bbox 143 3453 1257 3537; baseline -0.001 -21"><span class='ocrx_word' id='word_1_123' title='bbox 143 3460 176 3537; x_wconf 87' lang='grc' dir='ltr'><strong>ι)</strong></span> <span class='ocrx_word' id='word_1_124' title='bbox 195 3459 278 3520; x_wconf 79' lang='lat' dir='ltr'><strong>Haec</strong></span> <span class='ocrx_word' id='word_1_125' title='bbox 294 3457 356 3518; x_wconf 89' lang='lat' dir='ltr'><strong>duo</strong></span> <span class='ocrx_word' id='word_1_126' title='bbox 375 3454 466 3518; x_wconf 80' lang='lat' dir='ltr'><strong>verbe</strong></span> <span class='ocrx_word' id='word_1_127' title='bbox 486 3455 642 3522; x_wconf 84' lang='lat' dir='ltr'><strong>coniuncta</strong></span> <span class='ocrx_word' id='word_1_128' title='bbox 660 3474 748 3536; x_wconf 82' lang='lat' dir='ltr'><strong>saepe</strong></span> <span class='ocrx_word' id='word_1_129' title='bbox 767 3465 928 3516; x_wconf 87' lang='lat' dir='ltr'><strong>occurrunt</strong></span> <span class='ocrx_word' id='word_1_130' title='bbox 946 3453 1024 3534; x_wconf 85' lang='lat' dir='ltr'><strong>apud</strong></span> <span class='ocrx_word' id='word_1_131' title='bbox 1042 3455 1170 3536; x_wconf 87' lang='lat' dir='ltr'><strong>scripto·</strong></span> <span class='ocrx_word' id='word_1_132' title='bbox 1251 3484 1257 3504; x_wconf 50' lang='grc' dir='ltr'><strong>κ</strong></span> 
     </span>
     <span class='ocr_line' id='line_1_18' title="bbox 62 3548 1169 3635; baseline 0.002 -25"><span class='ocrx_word' id='word_1_133' title='bbox 62 3569 107 3612; x_wconf 84' lang='lat' dir='ltr'><strong>res</strong></span> <span class='ocrx_word' id='word_1_134' title='bbox 126 3551 219 3612; x_wconf 90' lang='lat' dir='ltr'><strong>medii</strong></span> <span class='ocrx_word' id='word_1_135' title='bbox 238 3550 311 3612; x_wconf 86' lang='lat' dir='ltr'><strong>aevi.</strong></span> <span class='ocrx_word' id='word_1_136' title='bbox 350 3549 400 3612; x_wconf 77' lang='lat' dir='ltr'><strong>sic</strong></span> <span class='ocrx_word' id='word_1_137' title='bbox 419 3551 450 3610; x_wconf 91' lang='lat' dir='ltr'><strong>in</strong></span> <span class='ocrx_word' id='word_1_138' title='bbox 472 3548 689 3631; x_wconf 73' lang='lat' dir='ltr'><strong>capitularibus</strong></span> <span class='ocrx_word' id='word_1_139' title='bbox 708 3551 824 3635; x_wconf 84' lang='lat' dir='ltr'><strong>Regum</strong></span> <span class='ocrx_word' id='word_1_140' title='bbox 842 3549 1023 3611; x_wconf 83' lang='lat' dir='ltr'><strong>Francorum</strong></span> <span class='ocrx_word' id='word_1_141' title='bbox 1044 3550 1110 3612; x_wconf 89' lang='lat' dir='ltr'><strong>libr.</strong></span> <span class='ocrx_word' id='word_1_142' title='bbox 1125 3553 1169 3612; x_wconf 80' lang='lat' dir='ltr'><strong>V:</strong></span> 
     </span>
     <span class='ocr_line' id='line_1_19' title="bbox 66 3644 1169 3729; baseline 0.002 -25"><span class='ocrx_word' id='word_1_143' title='bbox 66 3644 142 3706; x_wconf 73' lang='lat' dir='ltr'><strong>Vita</strong></span> <span class='ocrx_word' id='word_1_144' title='bbox 161 3660 188 3706; x_wconf 77' lang='lat' dir='ltr'><strong>et</strong></span> <span class='ocrx_word' id='word_1_145' title='bbox 206 3648 381 3708; x_wconf 64' lang='lat' dir='ltr'><strong>cocomario</strong></span> <span class='ocrx_word' id='word_1_146' title='bbox 400 3650 594 3708; x_wconf 68' lang='lat' dir='ltr'><strong>sommarium</strong></span> <span class='ocrx_word' id='word_1_147' title='bbox 606 3659 812 3723; x_wconf 71' lang='lat' dir='ltr'><strong>personatam.</strong></span> <span class='ocrx_word' id='word_1_148' title='bbox 858 3644 994 3725; x_wconf 89' lang='lat' dir='ltr'><strong>Scriptor</strong></span> <span class='ocrx_word' id='word_1_149' title='bbox 1018 3657 1169 3729; x_wconf 82' lang='lat' dir='ltr'><strong>gestorum</strong></span> 
     </span>
     <span class='ocr_line' id='line_1_20' title="bbox 62 3737 1245 3828; baseline 0.003 -30"><span class='ocrx_word' id='word_1_150' title='bbox 62 3737 229 3801; x_wconf 81' lang='lat' dir='ltr'><strong>Baldewini</strong></span> <span class='ocrx_word' id='word_1_151' title='bbox 248 3740 285 3800; x_wconf 89' lang='lat' dir='ltr'><strong>de</strong></span> <span class='ocrx_word' id='word_1_152' title='bbox 302 3739 511 3816; x_wconf 68' lang='lat' dir='ltr'><strong>horenhusen,</strong></span> <span class='ocrx_word' id='word_1_153' title='bbox 529 3741 752 3822; x_wconf 82' lang='lat' dir='ltr'><strong>Arcbiepiscopi</strong></span> <span class='ocrx_word' id='word_1_154' title='bbox 771 3739 972 3816; x_wconf 84' lang='lat' dir='ltr'><strong>Trevirensis,</strong></span> <span class='ocrx_word' id='word_1_155' title='bbox 991 3739 1032 3802; x_wconf 81' lang='lat' dir='ltr'><strong>sic</strong></span> <span class='ocrx_word' id='word_1_156' title='bbox 1052 3741 1169 3822; x_wconf 84' lang='lat' dir='ltr'><strong>incipit:</strong></span> <span class='ocrx_word' id='word_1_157' title='bbox 1235 3819 1245 3828; x_wconf 67' lang='lat'><strong><em>„</em></strong></span> 
     </span>
     <span class='ocr_line' id='line_1_21' title="bbox 65 3832 1274 3918; baseline 0.003 -26"><span class='ocrx_word' id='word_1_158' title='bbox 65 3832 158 3897; x_wconf 69' lang='lat' dir='ltr'><strong>Vnae</strong></span> <span class='ocrx_word' id='word_1_159' title='bbox 179 3833 358 3896; x_wconf 61' lang='lat' dir='ltr'><strong>maranen</strong></span> <span class='ocrx_word' id='word_1_160' title='bbox 386 3841 660 3918; x_wconf 61' lang='lat' dir='ltr'><strong>convnsmlom&#39;epaoe</strong></span> <span class='ocrx_word' id='word_1_161' title='bbox 674 3837 785 3918; x_wconf 69' lang='lat' dir='ltr'><strong>sim</strong></span> <span class='ocrx_word' id='word_1_162' title='bbox 807 3835 961 3913; x_wconf 59' lang='lat' dir='ltr'><strong>gloriosae.</strong></span> <span class='ocrx_word' id='word_1_163' title='bbox 1018 3837 1171 3900; x_wconf 83' lang='lat' dir='ltr'><strong>Hcerkeus</strong></span> <span class='ocrx_word' id='word_1_164' title='bbox 1226 3901 1230 3907; x_wconf 66' lang='grc'><em>,</em></span> <span class='ocrx_word' id='word_1_165' title='bbox 1266 3892 1274 3906; x_wconf 24' lang='lat' dir='ltr'>x</span> 
     </span>
     <span class='ocr_line' id='line_1_22' title="bbox 62 3930 1175 4020; baseline 0 -30"><span class='ocrx_word' id='word_1_166' title='bbox 62 3930 214 4010; x_wconf 80' lang='lat' dir='ltr'><strong>opinatur,</strong></span> <span class='ocrx_word' id='word_1_167' title='bbox 226 3931 354 3994; x_wconf 74' lang='lat' dir='ltr'><strong>¹verbum</strong></span> <span class='ocrx_word' id='word_1_168' title='bbox 369 3931 577 3996; x_wconf 86' lang='lat' dir='ltr'><strong>Germanicum</strong></span> <span class='ocrx_word' id='word_1_169' title='bbox 600 3933 745 4020; x_wconf 66' lang='lat' dir='ltr'><strong>Unsgmrg,</strong></span> <span class='ocrx_word' id='word_1_170' title='bbox 767 3933 847 4014; x_wconf 89' lang='lat' dir='ltr'><strong>quod</strong></span> <span class='ocrx_word' id='word_1_171' title='bbox 866 3932 1014 3994; x_wconf 86' lang='lat' dir='ltr'><strong>Romanus</strong></span> <span class='ocrx_word' id='word_1_172' title='bbox 1033 3931 1175 4010; x_wconf 79' lang='lat' dir='ltr'><strong>antiquus</strong></span> 
     </span>
    </p>
   </div>
   <div class='ocr_carea' id='block_1_4' title="bbox 61 4027 1170 4184">
    <p class='ocr_par' dir='ltr' id='par_1_4' title="bbox 61 4027 1170 4184">
     <span class='ocr_line' id='line_1_23' title="bbox 61 4027 1170 4105; baseline 0.002 -19"><span class='ocrx_word' id='word_1_173' title='bbox 61 4045 157 4086; x_wconf 75' lang='lat' dir='ltr'><strong>mores</strong></span> <span class='ocrx_word' id='word_1_174' title='bbox 186 4027 335 4105; x_wconf 81' lang='lat' dir='ltr'><strong>vertisset,</strong></span> <span class='ocrx_word' id='word_1_175' title='bbox 371 4027 576 4092; x_wconf 85' lang='lat' dir='ltr'><strong>Germanismo</strong></span> <span class='ocrx_word' id='word_1_176' title='bbox 612 4031 851 4092; x_wconf 67' lang='lat' dir='ltr'><strong>meatim</strong></span> <span class='ocrx_word' id='word_1_177' title='bbox 882 4029 991 4091; x_wconf 88' lang='lat' dir='ltr'><strong>dictum</strong></span> <span class='ocrx_word' id='word_1_178' title='bbox 1030 4047 1101 4090; x_wconf 80' lang='lat' dir='ltr'><strong>esse.</strong></span> <span class='ocrx_word' id='word_1_179' title='bbox 1129 4059 1170 4077; x_wconf 93' lang='lat'><strong>·-</strong></span> 
     </span>
     <span class='ocr_line' id='line_1_24' title="bbox 61 4119 225 4184; baseline 0.012 -4"><span class='ocrx_word' id='word_1_180' title='bbox 61 4119 225 4184; x_wconf 76' lang='lat' dir='ltr'><strong>Bredow.</strong></span> 
     </span>
    </p>
   </div>
   <div class='ocr_carea' id='block_1_5' title="bbox 108 4213 865 4465">
    <p class='ocr_par' dir='ltr' id='par_1_5' title="bbox 108 4213 865 4465">
     <span class='ocr_line' id='line_1_25' title="bbox 139 4213 737 4292; baseline 0.008 -17"><span class='ocrx_word' id='word_1_181' title='bbox 139 4215 177 4292; x_wconf 79' lang='lat'><strong>²)</strong></span> <span class='ocrx_word' id='word_1_182' title='bbox 196 4214 233 4275; x_wconf 85' lang='lat' dir='ltr'><strong>al.</strong></span> <span class='ocrx_word' id='word_1_183' title='bbox 251 4213 322 4277; x_wconf 66' lang='lat' dir='ltr'><strong>ttae.</strong></span> <span class='ocrx_word' id='word_1_184' title='bbox 340 4217 391 4276; x_wconf 88' lang='lat' dir='ltr'><strong>Br.</strong></span> <span class='ocrx_word' id='word_1_185' title='bbox 411 4219 438 4280; x_wconf 77' lang='lat' dir='ltr'><strong>et</strong></span> <span class='ocrx_word' id='word_1_186' title='bbox 454 4231 548 4282; x_wconf 73' lang='lat' dir='ltr'><strong>tanam</strong></span> <span class='ocrx_word' id='word_1_187' title='bbox 565 4219 626 4282; x_wconf 79' lang='lat' dir='ltr'><strong>ullo</strong></span> <span class='ocrx_word' id='word_1_188' title='bbox 644 4216 737 4282; x_wconf 74' lang='lat' dir='ltr'><strong>mdo.</strong></span> 
     </span>
     <span class='ocr_line' id='line_1_26' title="bbox 108 4310 841 4394; baseline -0.003 -20"><span class='ocrx_word' id='word_1_189' title='bbox 108 4311 112 4318; x_wconf 80' lang='lat'>&#39;</span> <span class='ocrx_word' id='word_1_190' title='bbox 140 4311 176 4391; x_wconf 78' lang='lat'><strong>²)</strong></span> <span class='ocrx_word' id='word_1_191' title='bbox 195 4310 243 4374; x_wconf 84' lang='lat' dir='ltr'><strong>all.</strong></span> <span class='ocrx_word' id='word_1_192' title='bbox 261 4313 399 4394; x_wconf 69' lang='lat' dir='ltr'><strong>quamvis.</strong></span> <span class='ocrx_word' id='word_1_193' title='bbox 837 4375 841 4385; x_wconf 80' lang='lat'><em>.</em></span> 
     </span>
     <span class='ocr_line' id='line_1_27' title="bbox 798 4415 865 4465; baseline 0 -18"><span class='ocrx_word' id='word_1_194' title='bbox 798 4415 815 4465; x_wconf 54' lang='grc' dir='ltr'><strong><em>ι</em></strong></span> <span class='ocrx_word' id='word_1_195' title='bbox 864 4443 865 4447; x_wconf 71' lang='grc'>,</span> 
     </span>
    </p>
   </div>
   <div class='ocr_carea' id='block_1_6' title="bbox 0 0 1440 5086">
    <p class='ocr_par' dir='ltr' id='par_1_6' title="bbox 0 0 1440 5086">
     <span class='ocr_line' id='line_1_28' title="bbox 0 0 1440 5086; baseline 0 1"><span class='ocrx_word' id='word_1_196' title='bbox 0 0 1440 5086; x_wconf 95' lang='lat' dir='ltr'><strong> </strong></span> 
     </span>
    </p>
   </div>
  </div>
 </body>
</html>
