2834 5090
624 391 812 488 'an

632 684 737 764 Cae.
762 682 931 765 XXXIII.
1240 689 1245 724 ¹
1286 783 1289 786 ,
1355 759 1367 772 .

252 813 260 865 Ῑ
331 819 598 918 Testamenta1)
629 821 745 901 lacere
774 826 935 913 instituit,
969 825 1095 922 quibus
1119 823 1203 906 filias
1230 841 1265 902 et
1289 855 1337 902 ex

115 927 125 988 Ῐ
231 943 433 1016 concubinis
457 943 585 1015 liberos
610 943 788 1042 exaliqua
813 955 911 1041 parte
936 944 1003 1018 sibi
1027 943 1176 1020 heredes
1194 946 1335 1036 laceret,

128 1049 150 1124 «⁴
229 1061 294 1135 sed
317 1062 414 1135 tarde
439 1061 613 1156 inchoata,
648 1063 766 1161 perfici
791 1091 861 1137 non
887 1075 1053 1162 poterant
1112 1063 1334 1138 Divisionem

219 1161 341 1256 *tamen
376 1182 611 1256 thesaurorum
644 1195 679 1256 et
715 1186 886 1287 pecuniae
926 1209 967 1256 ac
999 1186 1146 1257 vestium
1176 1185 1332 1282 aliaeque

228 1303 452 1400 supellectilis
484 1329 598 1375 coram
623 1303 740 1374 amicis
779 1313 815 1374 ct
846 1305 1007 1378 ministris
1032 1306 1119 1391 su'is,
1152 1305 1247 1376 annis
1272 1304 1333 1374 tri-

226 1423 342 1519 bus2)
370 1435 550 1522 antequam
579 1420 782 1510 decederet,
814 1421 913 1510 lecit,
947 1434 1157 1509 contestatus
1184 1447 1264 1510 eos,
1291 1432 1332 1494 ut

227 1552 310 1639 post
334 1542 466 1616 obitum
498 1569 595 1616 suum
631 1569 652 1616 a
688 1566 727 1615 se
766 1541 854 1615 lacta
880 1541 1073 1619 distributio
1102 1566 1166 1642 per
1195 1540 1330 1613 illorum

228 1659 433 1758 suffragium
451 1674 521 1736 rata
546 1673 777 1762 permaneret;
804 1663 957 1763 quidque
983 1688 1026 1736 ex
1049 1661 1103 1734 his
1129 1683 1215 1759 quae
1243 1657 1331 1730 divi-

142 1866 147 1874 ,
227 1793 318 1854 serat
339 1781 412 1856 lieri
436 1785 542 1856 vellet
565 1783 733 1858 breviario
761 1771 1032 1884 comprehendit,
1057 1784 1154 1858 cuius
1177 1779 1262 1852 ratio
1287 1802 1331 1848 ac

227 1912 341 1976 textus
363 1882 440 1976 talis
467 1914 536 1979 est:

239 2019 329 2127 ¹IN
365 2020 566 2096 NOMINE
609 2020 796 2098 DOMINI
828 2022 918 2100 DEI
947 2013 1328 2096 OMNIPOTENTIS

275 2137 459 2214 PATRIS
498 2141 566 2214 ET
605 2139 718 2216 FILII
754 2141 823 2216 ET
864 2139 1092 2218 SPIRITUS
1136 2131 1327 2212 SANCTI.

206 2329 210 2339 f
267 2256 481 2356 'Descriptio
508 2271 611 2360 atque
639 2261 779 2351 divisio,
806 2287 892 2362 quae
920 2263 1008 2337 lacta
1034 2273 1087 2338 est
1109 2288 1129 2334 a
1152 2257 1327 2355 gloriosis-

166 2369 182 2426 ,¹
276 2381 373 2454 simo,
395 2391 498 2480 atque
523 2384 677 2481 piissimo
689 2382 725 2480 ³)
759 2383 904 2473 domno,
946 2384 1075 2458 Karolo
1122 2383 1325 2476 imperatore

273 2498 451 2598 Augusto,
482 2529 570 2574 anno
604 2504 646 2576 ab
678 2506 909 2577 incarnatione
942 2502 1070 2574 domini
1104 2500 1212 2571 nostri
1241 2495 1325 2570 Jcso

275 2619 404 2696 Christi
428 2624 513 2711 811,
538 2647 626 2696 anno
652 2649 734 2694 vero
756 2625 854 2718 regni
885 2623 958 2694 cius
990 2623 1025 2694 in
1048 2617 1196 2692 Francia
1221 2612 1326 2709 43⁴),

274 2732 310 2812 et
332 2745 368 2814 in
391 2737 487 2812 Italia
510 2743 559 2816 37
573 2741 619 2835 ⁵),
643 2743 777 2840 imperii
802 2753 915 2814 autem
942 2738 1049 2838 11⁰),
1074 2740 1264 2814 indictione
1284 2735 1325 2822 t;

274 2885 374 2959 quarn
398 2861 456 2956 pia
481 2870 516 2932 et
539 2859 699 2957 prodenti
726 2861 1000 2936 consideratione
1025 2861 1139 2934 lacere
1162 2858 1326 2944 decrevit,

274 2977 488 3054 et'Domino
515 2992 685 3054 annuente
707 2981 870 3080 perfecit,
906 2981 949 3054 de
981 2981 1148 3054 thesauris
1177 2982 1247 3053 suis
1273 2989 1324 3050 nt·

272 3126 341 3201 que
365 3102 522 3200 pecunia,
547 3126 635 3200 quae
660 3104 695 3174 in
720 3103 777 3174 illa
803 3100 858 3174 die
881 3103 916 3174 in
942 3105 1161 3176 cameraeios
1186 3103 1325 3172 inventa

273 3233 334 3294 est
385 3218 425 3296 In
460 3246 526 3319 qua
557 3219 642 3294 illud
669 3224 857 3320 praecipue
887 3238 1107 3320 praecavere
1123 3221 1246 3308 voluit,
1263 3223 1324 3293 'ut

270 3367 340 3412 non
366 3341 477 3413 solum
503 3339 794 3442 eleemosynarum
819 3343 971 3440 largitio,
1000 3367 1087 3442 quae
1112 3319 1324 3413 sollemniter

272 3457 364 3556 apud
397 3455 609 3536 Christianos
643 3460 688 3537 de
725 3465 1004 3560 possessionibus
1044 3488 1162 3536 eorum
1200 3461 1324 3556 agitor,

222 3643 420 3664 W

300 3746 331 3824 ¹)
352 3742 415 3804 cfr.
434 3743 723 3826 Sucrone-dagam.
742 3771 768 3812 e.
787 3756 853 3820 1⁰1.
871 3751 992 3814 Perta.

298 3841 332 3922 ²)
350 3837 409 3901 All.
427 3861 504 3900 mmo
522 3845 618 3904 tercio.

297 3942 329 4013 ¹)
348 3937 447 4016 Atqu
459 3931 591 4011 1)ὶίεείὴο
610 3940 692 4002 deest
708 3942 740 4002 in
760 3939 876 4004 duobus
893 3942 981 4004 codd.

297 4033 328 4112 ⁴)
347 4030 406 4092 All.
424 4029 575 4094 XLIIII.
1024 4059 1028 4067 ·

8 4199 11 4202 Ι
182 4115 188 4132 “
298 4128 330 4205 s)
351 4125 426 4188 coo.
456 4126 589 4188 Vindob.
625 4131 704 4192 solos
737 4133 856 4196 exhibet
885 4133 1048 4213 XXVII,
1080 4133 1141 4196 duo
1174 4133 1323 4226 praebent

103 4226 105 4230 ’
219 4221 384 4284 XXXIII
386 4247 394 4294 3
410 4221 518 4303 reliqui
537 4241 638 4287 omnes
657 4227 827 4292 XXXVI.

298 4317 330 4398 ⁰)
349 4319 434 4380 Unus
453 4319 519 4382 cod.
537 4313 620 4382 XII.
664 4365 667 4374 ‚
746 4377 749 4387 .
