2834 5090
785 401 789 422 t

652 718 760 793 'Cau
793 717 958 794 xxvllt

246 925 248 946 ,
353 849 485 926 Ultimo
511 851 677 926 adventus
704 857 757 930 sui
783 883 852 928 non
878 855 988 927 solum
1009 830 1075 925 hae
1104 853 1201 926 suere
1228 879 1352 941 causae,

255 963 372 1042 verum
406 973 506 1048 etiam
539 974 634 1074 quod
667 971 817 1048 Romani
847 971 1005 1048 Leonem
1035 973 1251 1071 pontificem,
1274 975 1353 1046 mul·

255 1092 300 1162 tis
326 1089 487 1166 affectum
513 1097 653 1182 iniuriis,
678 1098 783 1168 erutis
810 1096 944 1168 scilieet
970 1094 1080 1166 oeulis
1094 1093 1278 1194 linguaque
1291 1121 1354 1166 am-

251 1221 385 1308 putata,
420 1214 522 1288 fidem
556 1218 649 1313 regis
688 1217 882 1314 implorare·
911 1216 1158 1313 compulerunt.
1190 1244 1192 1261 ¹
1223 1213 1351 1288 Idcirco

251 1326 575 1420 Romam‘veniens‚
600 1347 743 1432 propter
766 1331 999 1432 reparandum,
1024 1342 1082 1434 qni
1105 1341 1204 1412 nimis
1223 1345 1354 1408 contur-

251 1449 352 1523 batus
380 1465 468 1542 emt,
503 1455 681 1526 ecelesiae·
707 1467 828 1528 statum
864 1454 913 1526 ibi
946 1465 1054 1526 totum
1072 1453 1199 1528 driemis
1223 1467 1355 1550 tempus

254 1575 406 1645 extraxit.
460 1570 551 1653 Qno'
566 1565 722 1673 tempore
748 1573 966 1672 Imperatoris
1000 1586 1037 1646 et
1057 1571 1207 1671 Augusti
1232 1595 1357 1646 nomer
1405 1547 1410 1627 d

253 1693 400 1788 accepit,
427 1694 522 1794 quod
546 1699 656 1794 primo
684 1698 872 1767 intantum
898 1694 1118 1791 aversatustl)
1150 1707 1219 1783 est,
1244 1704 1284 1764 ut
1311 1689 1357 1762 af-

251 1807 414 1900 firmaret,
440 1838 479 1884 se
505 1837 549 1886 eo
577 1813 652 1903 die,
680 1818 832 1914 quamvis
855 1817 1041 1913 praecipua
1065 1813 1231 1888 festivitas
1257 1822 1357 1896 esset,
1406 1859 1411 1920 p

253 1929 435 2008 eeclesiam
460 1959 529 2006 non
553 1937 766 2022 intraturum,
801 1938 830 2005 si
855 1933 1027 2031 pontificis
1055 1935 1236 2006 consitium
1261 1953 1355 2030 prue-
1406 1923 1410 1949 '

243 2050 342 2120 scire
366 2054 545 2148 potuisset.
594 2051 758 2125 Invidiam
784 2067 897 2125 tamen
922 2054 1075 2148 suscepti
1101 2055 1260 2140 nominis,
1283 2045 1355 2122 Ro-

251 2167 407 2260 manis2)
434 2170 695 2266 imperatoribus
720 2197 825 2268 super
849 2170 917 2242 hoe
943 2169 1210 2267 indignantibus,
1238 2193 1355 2266 magna
1409 2225 1411 2284 p

253 2285 329 2358 tulit
354 2289 526 2384 patientia,
551 2293 703 2390 vicitque
730 2317 847 2363 eorum
874 2294 1120 2364 conmmaciam
1139 2291 1355 2390 magnanimi·

251 2415 332 2493 tate,
360 2431 426 2505 qua
452 2410 502 2480 eis
527 2412 649 2508 procui
675 2411 780 2485 dubio
807 2413 911 2507 longe
932 2414 1159 2510 praestantior
1176 2424 1259 2499 erat,
1283 2411 1355 2482 mit·
1409 2399 1411 2454 ἶ

252 2524 358 2599 tendo
384 2525 429 2600 ad
454 2549 516 2601 eos
542 2533 680 2606 crebras
707 2534 915 2628 legationes,
939 2545 974 2604 et
1000 2535 1033 2603 in
1058 2531 1355 2642 epistolis'iratres

253 2669 315 2719 eos
340 2649 554 2747 appellando.

661 2883 765 2956 Gne.
806 2881 942 2958 XXIX.

216 3115 225 3146 κ
302 3023 320 3078 '.
350 3033 439 3108 Post
464 3051 661 3158 susceptum
686 3040 861 3138 imperiale
886 3065 1029 3128 nomen,
1056 3065 1132 3111 cum
1163 3039 1355 3113 adverteret

251 3152 354 3237 muita
386 3155 521 3254 legibus
550 3162 669 3257 populi
701 3163 753 3232 sui
791 3159 915 3230 deesse
942 3201 989 3214 —
1017 3186 1093 3230 nam
1118 3155 1248 3232 Franci
1275 3159 1355 3231 duas
1411 3243 1412 3248 Ἰ

250 3273 379 3348 habent
404 3277 510 3375 leger,
535 3280 570 3350 in
595 3280 747 3378 plurimis
771 3279 858 3350 locis
883 3277 983 3350 valde
1009 3278 1158 3352 diversas
1186 3322 1234 3334 —-
1261 3279 1354 3374 cogi·

251 3395 344 3466 tavit*
361 3421 448 3492 quae
475 3396 615 3472 deerant
641 3393 769 3472 addere
803 3410 837 3470 et
864 3397 1090 3496 discrepantia
1113 3401 1226 3487 unire,
1256 3422 1355 3498 prava

252 3537 390 3611 quoque
416 3541 456 3586 ac
482 3545 658 3616 perperam
685 3518 815 3616 prolata
842 3521 1032 3616 corrigere3
1065 3519 1127 3624 sed
1154 3517 1198 3592 de
1225 3519 1279 3591 his
1305 3517 1353 3588 ni·

250 3630 299 3703 hil
325 3633 414 3705 aliud
441 3637 482 3708 ab
510 3663 552 3710 eo
585 3639 805 3728 factumest,
835 3639 899 3710 nisi
934 3635 1165 3738 quodrpa'uca
1200 3637 1355 3738 capitula,

251 3763 286 3824 et
312 3741 353 3825 ea
378 3755 585 3852 imperfecta,
610 3759 746 3854 iegibus
772 3756 912 3830 addidit
965 3757 1126 3834 Omnium
1159 3773 1274 3834 tamen
1298 3785 1354 3831 na·

250 3873 379 3946 tionum
414 3901 501 3974 quae
530 3881 597 3974 sub
634 3880 707 3950 eius
742 3875 963 3968 duminatn3)
1002 3893 1112 3968 erant,
1153 3883 1225 3953 iura
1268 3901 1353 3978 quae

250 3997 374 4092 scripta
402 4024 469 4068 nnn
497 4011 606 4084 erant,
633 3999 845 4071 'describere
878 4023 917 4068 ae
947 3995 1054 4072 literis
1086 3999 1238 4073 mundari
1264 4000 1353 4072 fecit.

250 4156 448 4178 Ηυ--ι--μ-

202 4292 204 4296 ’
331 4269 360 4340 ¹)
380 4268 437 4326 Ali.
456 4265 629 4328 adversante.

329 4361 360 4436 2)
381 4362 426 4420 ΑΙ.
450 4361 779 4440 contantinopolitana.
819 4397 856 4410 -
896 4365 928 4440 ⁸)
948 4343 994 4422 n'l.
1014 4362 1128 4425 ditione.
