2870 5086
567 485 726 563 lest

97 647 248 722 ieatatem
274 651 374 724 nimir
400 651 587 728 iniuriatnm
621 678 699 726 esse
725 667 760 731 et
782 654 1001 752 despectam,
1032 657 1068 730 in
1093 657 1144 730 in·

94 761 196 862 digna
220 793 302 844 suae
315 765 621 876 filiaeNotnriique
633 775 687 848 aui
712 773 940 870 copulatione,
965 785 1002 851 et
1021 754 1145 850 exinde

94 912 161 962 uon
187 887 355 964 mediocri
381 913 459 964 sene
480 894 600 988 agitari
619 892 886 990 perturbatione.
936 889 1073 978 Quibus
1093 897 1145 968 ni-

90 1007 153 1080 mis
171 1019 313 1105 stupore
338 1009 517 1106 perculsis,
545 1010 588 1082 de
605 1013 656 1084 rei
681 1013 831 1086 novitate
847 1035 889 1087 an
914 1011 1147 1109 magnitudine

90 1127 293 1223 quibusdam
326 1125 439 1202 adhue
465 1129 736 1228 ambigentibus,
767 1127 848 1208 Rex
879 1131 1062 1230 explicavit
1094 1137 1146 1208 eie

90 1245 295 1332 evidentius,
317 1245 467 1326 relerens
492 1251 542 1322 eie
566 1250 804 1352 aprimordio,
830 1249 914 1350 quid
936 1269 1000 1349 per
1020 1267 1147 1338 semet
1230 1257 1236 1267 '

88 1367 204 1463 ipsum
221 1363 353 1458 oculata
368 1365 435 1439 fide
453 1373 668 1466 cognoverit,
690 1371 940 1469 consiliumque
966 1395 1086 1446 eorum
1106 1397 1147 1448 ac

86 1487 291 1560 sententiam
316 1512 421 1586 super
445 1488 513 1560 hoe
534 1493 720 1590 postulans.
770 1488 820 1566 At
844 1490 892 1567 illi
916 1492 1006 1566 inter
1027 1516 1069 1564 ee
1095 1491 1147 1566 di-

86 1608 178 1695 versi
204 1605 337 1680 diversa
360 1609 566 1699 sentientes,
599 1614 635 1686 in
666 1623 936 1712 praesumtorem
968 1611 1069 1688 huius
1096 1615 1148 1688 rei

86 1725 186 1834 duras
215 1737 251 1796 et
274 1728 382 1800 varias
409 1726 538 1805 dedere
564 1735 768 1820 sententias,
789 1733 863 1808 aliis
887 1733 962 1804 sine
988 1734 1147 1832 exemplo
1215 1806 1217 1809 ,

78 1843 315 1941 puniendum,
340 1845 415 1921 aliis
438 1847 540 1922 exilio
568 1847 809 1938 damnandum,
839 1851 913 1924 aliis
943 1851 1010 1926 alin
1042 1851 1147 1930 modo
1181 1832 1183 1842 γ

87 1963 368 2064 disperdendum,
393 1978 431 2038 ut
454 1971 580 2068 cuique
598 1972 746 2068 impetus
772 1981 845 2042 erat
866 1967 1148 2049 adiudicantibur.

83 2082 197 2158 Porro
227 2084 365 2184 quidam
390 2111 435 2160 ex
460 2090 511 2162 eis
536 2101 631 2169 tanto
656 2091 827 2177 mitiores,
859 2099 986 2188 quanto
1012 2091 1148 2188 sapien·
1277 2171 1281 2180 p

84 2208 211 2294 tiorea,
237 2204 353 2278 habita
377 2231 495 2280 secum
520 2207 781 2296 deliberatione,
807 2234 907 2308 quam
932 2211 1050 2287 intime
1074 2207 1149 2290 Ra-

85 2349 165 2420 gem
194 2349 391 2411 exoravere,
416 2339 454 2400 ut
477 2329 553 2426 ipre
580 2354 652 2405 rem
680 2333 993 2428 persemetipsum
1023 2333 1149 2413 exemi.-

84 2470 183 2532 nare,
219 2455 256 2516 et
280 2443 470 2521 seeundum
504 2445 664 2520 divinitus
693 2447 726 2518 ei
758 2446 915 2523 collatam
948 2451 1149 2547 sapientiem

84 2562 234 2638 diffinire
261 2563 464 2662 dignaretur.
515 2561 816 2641 VerumubiRex
830 2568 1040 2664 singulorum
1058 2569 1150 2645 eirca

84 2709 121 2756 se
147 2684 312 2760 affectum
338 2684 557 2782 ponderavit,
591 2696 636 2761 et.
651 2686 741 2764 inter
773 2684 923 2764 diveruaa
951 2687 1149 2775 sententiar,

84 2803 168 2900 quid
185 2802 406 2902 potissimum
424 2802 558 2880 consilii
575 2817 789 2902 sequeretur,
816 2805 991 2906 expendit,
1014 2809 1066 2911 eie
1088 2831 1150 2878 eos

84 2923 259 2998 allocutus
286 2933 353 2996 est:
379 2919 463 2998 Non
486 2924 660 3022 ignoratis,
687 2926 808 3022 inquit,
832 2926 1013 3000 humanum
1038 2950 1149 3024 genua

81 3047 184 3116 variis
213 3043 408 3124 subiectum
434 3065 512 3116 esee
539 3039 747 3126 canumet
777 3044 975 3142 frequenter
1000 3039 1150 3133 evenire,

81 3175 119 3236 ut
143 3189 205 3238 ree
241 3162 442 3249 nonnullae,
476 3184 563 3260 quae
589 3163 767 3236 centrariis
800 3165 905 3236 initiis
938 3163 1150 3250 inchoantur,

83 3286 268 3358 meliorem
293 3280 474 3380 aliquando
500 3282 683 3374 sortiantur
715 3285 850 3356 exitum.
899 3279 1054 3357 Proinde
1080 3308 1150 3356 non
1184 3307 1186 3317 ·

83 3419 136 3477 ert
163 3399 439 3499 desperandum,
467 3399 530 3474 red
553 3401 669 3497 petius
695 3427 800 3501 nuper
823 3402 889 3476 hae
915 3426 969 3487 re,
999 3426 1089 3502 quae
1115 3413 1151 3473 et

82 3527 258 3621 gravitate
282 3531 318 3594 et
341 3522 505 3594 novitate.
518 3521 570 3596 sui
587 3532 739 3596 neruum
766 3532 946 3620 exsuperat
965 3522 1150 3617 ingenium,
1205 3589 1215 3616 ·.

83 3643 228 3738 divinae
252 3638 505 3739 providentiae,
538 3664 625 3738 quae
658 3665 828 3739 nunquam
852 3643 886 3712 in
919 3642 970 3711 eui
1003 3637 1151 3740 disposi-

83 3765 181 3836 tione
211 3758 355 3848 sallitur,
391 3753 547 3858 quaeque
582 3761 682 3830 etiam
716 3759 814 3852 malis
839 3761 930 3832 bene
964 3760 1014 3830 uti
1046 3761 1151 3844 novit,
1187 3765 1190 3775 “

84 3883 274 3959 elementia
301 3891 355 3962 eet
374 3875 604 3976 exspectanda
624 3891 658 3950 et
676 3875 877 3978 expetenda.
930 3873 1152 3976 Quapropter

82 4014 152 4073 tam
179 4003 292 4086 ‚tristis
317 4000 398 4072 laeti
422 4025 443 4070 a
466 3995 613 4070 Notario
644 4024 723 4072 meo
750 4024 819 4070 non
846 3997 979 4095 exigam
1006 4021 1152 4096 poenae,
1194 4011 1199 4028 ¹

82 4147 148 4218 per
174 4145 266 4220 quas
290 4120 426 4194 infamia
449 4115 536 4188 filiae
561 4141 659 4189 meae
692 4120 800 4216 magis
824 4113 999 4188 videretur
1023 4115 1152 4210 augeri,

84 4266 189 4338 quam
224 4241 339 4312 minui.
396 4222 502 4311 Unde
539 4233 674 4334 dignius
708 4249 743 4310 et
781 4233 983 4312 laudabilius
1014 4229 1175 4332 Imperii.

83 4363 197 4437 nostri
215 4359 348 4455 gloriae
363 4359 561 4432 arbitramur
572 4379 773 4452 congruere,
798 4365 837 4430 ut
855 4349 932 4424 data
950 4348 1152 4440 adolescen-

755 4470 798 4523 Ἄ,
838 4523 841 4535 Ι
939 4471 945 4483 .
