2870 5086
54 913 58 944 1

759 397 830 466 uu

711 577 998 726 cr1›.ur‘¹

311 717 498 848 Pippinus
521 759 647 840 autem,
671 771 736 845 per
759 749 997 820 auctoritatem
1014 745 1166 819 Romani
1190 747 1368 846 pontificis

260 867 501 968 expraefecto
527 867 643 964 palatii
670 867 734 940 rex
766 869 983 964 constitutus,
1009 893 1087 938 curn
1107 875 1172 964 p'er
1193 894 1301 941 annos
1326 871 1369 941 15

250 1001 312 1062 aut
339 1015 380 1061 eo
401 987 544 1086 amplius
558 984 819 1124 Francissolus
831 991 1026 1086 imperaret,
1046 986 1140 1060 finito
1155 983 1367 1088 Aquitanico

253 1107 364 1209 bello,
391 1106 486 1210 quod
510 1118 591 1178 con
593 1133 628 1178 ra
578 1101 750 1179 War
733 1105 852 1178 arrum
872 1111 916 1203 ¹),
943 1107 1067 1180 ducem
1085 1104 1303 1204 Aquitaniae,
1328 1109 1369 1181 ab
1417 1103 1418 1114 ¹

221 1267 227 1272 ·
256 1257 298 1302 eo
329 1255 453 1338 suscep
456 1241 546 1314 t,um
581 1249 647 1323 per
684 1227 867 1298 continuos
893 1251 1018 1298 novem
1044 1251 1152 1298 annos
1177 1231 1370 1326 gerebatur,

201 1341 202 1348 ¹
255 1351 359 1455 apud
373 1347 528 1422 Parisios
552 1341 624 1440 2)
621 1345 743 1418 morbo
768 1371 876 1446 aquae
902 1348 1080 1418 intercutis
1100 1347 1135 1442 ³)
1167 1346 1258 1420 diem
1284 1351 1370 1422 obiit

255 1479 421 1568 superstrt
381 1469 501 1542 ttiibus
526 1463 644 1540 liberis
663 1461 769 1538 Karlo
794 1478 828 1539 et
847 1462 1089 1556 Karlomanno‚
1114 1463 1158 1536 ad
1183 1492 1271 1566 quos
1291 1495 1370 1542 suc-

257 1591 370 1662 cessio
399 1586 503 1684 regni
530 1583 645 1658 divino
671 1595 757 1658 nutu
780 1598 992 1686 pervenerat.
1037 1583 1163 1686 Franci
1188 1587 1371 1686 siquidem,

255 1709 347 1782 sacto
382 1705 583 1778 solemniter
608 1703 762 1800 generali
793 1715 983 1792 conventu,
1017 1707 1137 1806 ambos
1171 1707 1237 1780 sibi
1266 1733 1370 1804 reges

255 1826 485 1911 constituunt,
520 1847 562 1895 ea
597 1822 797 1898 conditione
829 1827 1033 1924 praemissa,
1066 1837 1105 1897 ut
1135 1836 1246 1898 totum
1270 1830 1370 1922 regni
1417 1811 1418 1818 ¹

255 1971 380 2044 corpus
407 1965 586 2038 exaequo
621 1947 843 2040 partirentur,
877 1956 912 2015 et
940 1941 1090 2016 Karolus
1123 1969 1198 2018 eam
1228 1958 1370 2044 partem,

189 2085 192 2092 ’
253 2091 353 2166 quam
373 2073 473 2160 pater
502 2084 620 2130 eorum
636 2055 810 2160 Pippinus
833 2073 999 2147 tenuerat,
1015 2059 1266 2138 Karlomannus
1286 2090 1368 2138 vero

254 2210 339 2270 earn,
365 2183 421 2252 cui
445 2189 590 2276 patruus
616 2202 737 2249 eorum
759 2177 1009 2254 Karlomanuus
1034 2196 1200 2282 praeerat,
1225 2187 1369 2284 regendi

253 2303 361 2399 gratia
386 2299 587 2396 susciperet.
641 2294 836 2398 Susceptae
862 2313 941 2372 sunt
959 2305 1120 2404 utrinque
1142 2303 1368 2395 conditiones,
1417 2369 1418 2410 3

255 2434 290 2495 et
317 2447 396 2520 pars
436 2417 536 2516 regni
570 2415 671 2488 divisi
706 2421 798 2492 iuxta
823 2420 963 2492 modum
993 2423 1059 2496 sibi
1083 2426 1300 2520 propositum
1327 2428 1367 2500 ab

167 2525 170 2537 ’
198 2630 203 2640 .
253 2554 400 2640 utroque
415 2547 556 2636 recepta
578 2548 639 2608 est.
665 2531 865 2634 Mansitque
879 2542 954 2627 ista,
970 2545 1124 2638 quamvis
1143 2568 1221 2613 cum
1239 2569 1368 2616 summa
1417 2611 1418 2616 ,

255 2659 470 2746 difficultate,
503 2653 699 2760 concordia,
729 2654 844 2758 multis
871 2671 1034 2756 exparte
1059 2659 1283 2742 Karlomanni
1308 2657 1363 2736 so-

254 2779 412 2847 cietatem
429 2799 587 2873 separare
602 2771 832 2866 molientibus,
858 2773 1006 2851 adeot
967 2791 1006 2851 ut
1026 2781 1162 2880 quidam
1178 2808 1239 2856 cos
1266 2789 1367 2857 etiam

252 2894 345 2966 bello
384 2895 523 2966 commit
524 2904 597 2964 tere
625 2893 694 2964 sint
680 2891 882 2968 tmeditati.
928 2895 1032 2971 Sed
1023 2929 1059 2972 rn
1084 2901 1152 2974 hoc
1174 2903 1283 3000 plus
1287 2929 1361 2974 sus-

252 3015 348 3112 pecti
367 3013 404 3108 4)
438 3039 539 3114 quam
564 3013 708 3112 periculi
734 3011 859 3101 fuisse,
895 3019 970 3121 ipse
1007 3045 1120 3093 rerum
1158 3025 1295 3094 exitus
1308 3049 1366 3120 ap-

252 3135 427 3232 probavit,
460 3161 552 3222 cum,
591 3131 753 3204 defuncto
779 3129 1029 3226 Karlomanno,
1061 3167 1148 3212 uxor
1173 3142 1294 3239 eius⁶)
1323 3151 1357 3214 et

252 3252 311 3324 filii
344 3243 421 3362 cum
454 3251 672 3354 quibusdam,
705 3253 764 3348 qui
798 3275 842 3324 ex
888 3258 1089 3354 optimatum
1117 3263 1191 3335 eius
1223 3286 1364 3334 numero
1417 3275 1418 3298 ¹

334 3546 364 3620 ¹)
383 3543 431 3604 Al.
455 3527 663 3624 (danfrontem,
683 3541 720 3602 al.
743 3542 923 3626 (infimum,
948 3549 984 3608 al.
1008 3551 1210 3634 Guaffamm.

329 3639 469 3714 ¹)Pertu
490 3661 555 3698 cum
576 3638 623 3699 all.
643 3637 787 3700 Perseus.
1303 3643 1310 3652 “

329 3731 426 3811 3)ΑΙ,
444 3735 568 3812 irruatis,
568 3721 623 3798 all.
642 3734 844 3796 antemissas.
865 3735 965 3819 Vergl.
985 3704 1093 3801 Sunion
1112 3685 1236 3820 Averso„
1256 3767 1280 3806 c.
1302 3751 1329 3810 5

326 3827 425 3909 ⁴)Ai.
452 3831 630 3905 suspicionis.
680 3829 763 3889 Haec
792 3831 1021 3893 declinationum
1054 3848 1083 3896 et
1112 3841 1353 3900 terminationurn

252 3923 440 4004 permutatio)
460 3944 545 4001 quam
557 3924 634 3984 inter
646 3924 781 4002 antrquos
792 3939 900 4004 poetae
920 3927 1066 4003 amabant,
1085 3925 1183 4008 medio
1204 3955 1277 3996 aevo
1298 3935 1357 3994 fre·

253 4019 440 4098 quentissima
460 4029 511 4078 est.
553 4018 597 4076 V
586 4018 678 4080 καθ’
700 4017 883 4080 Wiboradca
901 4022 971 4082 lom.
992 4023 1016 4081 I.
1035 4023 1177 4110 Mamp.
1197 4035 1268 4094 306:
1289 4028 1358 4086 Non

252 4125 293 4169 est
309 4115 367 4190 irc,
390 4116 433 4174 uti
454 4127 486 4174 tu
503 4115 676 4189 suspirem,-
699 4135 768 4172 ncm
791 4117 914 4177 inventio
936 4115 1063 4178 thesauri
1084 4120 1137 4181 ribi
1158 4123 1236 4184 tollet
1257 4119 1355 4183 lruius·

253 4205 331 4268 modi
349 4223 560 4286 suspectum.
581 4240 620 4252 —
639 4207 797 4268 Bredow.

336 4303 465 4380 ⁸)Cod.
485 4303 577 4366 Paris.
596 4309 672 4370 4628
691 4305 727 4372 A
747 4303 841 4364 addit.
860 4327 934 4386 quor
951 4242 1057 4370 dictinii·
1077 4309 1254 4391 Ttvoberga.
