2832 5088
360 518 362 528 ,
456 409 640 527 “17⁷
755 461 775 533 ι
927 525 929 534 ,

87 615 201 691 tiniaco
223 615 293 677 villa
321 617 428 678 fuisset
449 637 468 678 u
488 635 563 699 rege
585 617 794 698 celebratum,
822 605 990 684 exercitum
1012 623 1045 686 in
1066 625 1151 688 Brit-

83 715 221 778 tanniam
240 716 435 806 cismarinam
449 718 575 778 mittere
595 719 763 780 coustituit.
800 721 878 782 Nam
904 741 974 782 cum
995 723 1032 784 ab
1048 725 1151 808 Anglis

85 838 121 878 ac
142 816 314 892 Saxopibus
337 817 510 879 Brittannia
539 817 637 878 insula
665 819 772 884 fuisset
800 821 918 898 invasa,
948 837 1151 906 magnopere

8 957 17 966 ·
83 917 253 980 insularum
280 916 342 978 cius
368 937 454 978 mare
480 917 652 996 traiicieus,
694 917 724 977 in
753 920 866 982 ultimis
895 923 1011 984 Galliae
1039 923 1151 986 finibus
1233 943 1238 957 ¹

84 997 279 1080 Venetorum
307 1028 338 1080 et
366 1017 622 1079 coriosolitarum
651 1018 996 1103 regioncs'occupavit.
1039 1025 1066 1085 ls
1093 1039 1162 1106 po:

80 1119 173 1199 polus
196 1141 213 1179 a
235 1120 359 1202 regibus
375 1119 569 1180 Francorum
588 1119 746 1193 subactus;
780 1143 816 1182 ac
837 1121 1026 1186 tributarius
1040 1125 1150 1204 factus,
1220 1198 1222 1204 y

82 1219 263 1303 impositum
278 1222 337 1282 sibi
355 1219 496 1302 vectigal,
518 1220 591 1282 licet
612 1220 735 1298 invitus,
758 1222 877 1294 solvere
899 1224 1026 1285 solebat.
1056 1227 1151 1286 Cum-

83 1341 145 1402 que
168 1341 205 1382 eo
227 1329 370 1402 tempore
392 1315 476 1384 dioto
499 1321 625 1384 audiens
643 1342 705 1382 noa
726 1331 813 1400 esset,
836 1323 942 1384 missus
960 1325 1032 1387 illuc
1046 1328 1150 1409 regiae

82 1442 209 1482 mensae
229 1422 423 1503 praepositus
444 1423 613 1493 Audulfus,
643 1421 783 1502 perfidae
805 1423 903 1506 gentis
926 1429 1151 1489 contumaciam

82 1519 164 1580 mira
191 1522 350 1584 celeritate
377 1521 574 1604 compressit,
609 1523 739 1604 regique
767 1524 849 1604 apud
877 1525 1090 1587 Wormaciam
1118 1537 1152 1588 et

83 1620 208 1683 obsides
231 1643 307 1704 quos
330 1631 503 1705 acceperat,
526 1631 557 1684 et
579 1623 753 1703 complures
776 1643 814 1684 ex
835 1614 945 1708 populi
962 1627 1166 1728 primoribus
1210 1623 1213 1628 ’

82 1719 222 1782 adduxit.

39 1847 83 1863 ·-
104 1821 179 1896 ¹799,
201 1841 232 1900 p.
255 1819 332 1883 187:

82 1913 185 2007 [Rex]
208 1941 279 1981 cum
291 1921 474 2004 Aquisgraui
490 1920 654 2001 hiemaret,
674 1922 771 1984 Wido
794 1945 896 1986 comes
920 1947 956 1986 ac
977 1929 1151 2008 praefectus

83 2019 274 2082 Brittannici
302 2021 420 2100 limitis,
452 2023 507 2106 qui
535 2023 643 2085 eodem
672 2045 754 2084 anuo
785 2047 856 2086 cum
878 2027 966 2088 sociis
989 2028 1151 2090 comitibus

80 2129 184 2182 totam
205 2119 382 2184 Brittonum
408 2125 603 2206 provinciam
631 2113 889 2207 perlustraverat,
924 2140 1010 2188 arana
1038 2127 1152 2191 ducum

83 2221 141 2304 qui
165 2240 197 2280 se
220 2219 418 2298 dediderunt,
440 2223 595 2304 inscriptis
613 2225 804 2308 singulorum
822 2229 1008 2305 nominibus,
1031 2227 1151 2292 detulit.

27 2391 30 2398 ¹
82 2319 264 2384 Videbatur
286 2320 377 2396 enim,
400 2320 485 2403 quod
507 2343 542 2381 ea
563 2325 724 2402 provincia
746 2335 812 2385 tum
834 2339 913 2387 esset
934 2350 969 2389 ex
990 2338 1057 2390 toto
1078 2331 1153 2391 sub-

84 2431 169 2498 acta,
192 2429 224 2510 ct
245 2429 334 2491 esset,
357 2421 414 2482 nisi
434 2405 573 2502 perlidae
595 2423 693 2503 gentis
715 2423 896 2486 instabilitas
919 2427 980 2486 cito
1003 2427 1036 2488 id
1057 2429 1153 2491 alior-

82 2545 153 2586 sum
173 2541 261 2581 more
283 2521 374 2606 solito
396 2531 621 2604 commutasset.
643 2553 687 2566 -

43 2622 154 2685 Annal.
178 2623 328 2682 Xautens.
351 2643 378 2682 a.
401 2622 473 2701 799,
495 2619 623 2693 Perta,
646 2623 683 2701 ll,
706 2643 736 2704 p.
759 2623 835 2684 2232

43 2786 45 2798 ,
82 2723 183 2785 Wido
206 2723 314 2782 Comes
336 2721 411 2784 vicit
432 2731 530 2784 totam
550 2723 796 2786 Brittanniorum
824 2724 1033 2807 provinciam,
1069 2727 1153 2810 quod

82 2845 248 2907 nunquam
269 2831 359 2883 antea
379 2823 491 2884 fuerat.
979 2891 983 2900 ,
1076 2818 1078 2824 1

44 2926 135 2988 Docb
160 2923 232 2984 half
250 2943 281 2983 es
304 2920 395 2984 nicht
417 2921 493 3001 viel,
529 2921 568 2984 da
589 2924 717 3004 Ludwig
740 2926 782 2986 im
803 2926 897 2988 Jabre
919 2927 981 2988 824
1004 2927 1155 3020 ebermals
1167 2959 1170 2963 ·

46 3047 144 3110 gagen
168 3024 214 3085 sie
237 3022 344 3084 zichcn
367 3023 478 3084 mulste
506 3023 618 3106 (vergl.
640 3020 793 3085 Ermold.
823 3023 955 3097 Nigell.
980 3030 1154 3106 11‚113-
1181 3060 1184 3066 ν
1280 3045 1284 3052 ’

45 3127 133 3199 146),
172 3123 239 3185 und
262 3123 340 3185 Karl
368 3123 425 3186 der
445 3123 547 3186 Kahle
575 3123 813 3185 uuuufhbrliche
834 3127 950 3206 Kriege
980 3149 1078 3209 gegeu
1111 3129 1155 3190 sie

45 3247 82 3287 au
102 3224 259 3289 bestebcu
281 3223 376 3286 hatte.
420 3224 450 3286 S.
472 3221 574 3287 Chaon.
591 3225 729 3305 aquitan.
753 3247 779 3284 a.
802 3225 874 3304 843,
897 3225 958 3286 845
980 3227 1080 3288 wobei
1104 3227 1154 3292 die

44 3325 222 3410 Bretagner
244 3324 395 3406 sicgreich
411 3346 530 3388 waren:
556 3323 657 3386 Cbron.
670 3325 883 3389 Foutouellcns.
895 3350 921 3388 a.
940 3323 1012 3388 846.
1033 3325 1155 3400 Perta,

44 3426 81 3506 ll,
102 3449 135 3510 p.
159 3426 236 3501 3⁰2)
259 3425 330 3487 85⁰.
354 3425 425 3486 851.
468 3421 593 3505 Perta,
616 3427 655 3496 Il,
677 3445 708 3506 p.
731 3425 803 3487 253.

127 3531 195 3590 Da's
225 3525 439 3607 Herzogtbnm
465 3525 625 3587 Beneveut
653 3525 795 3586 umfafste
824 3547 879 3587 zur
901 3527 969 3588 Zeit
988 3527 1080 3590 Karls
1103 3529 1156 3592 des

45 3629 181 3692 Grossen
213 3628 274 3689 last
294 3625 390 3702 alles,
423 3647 484 3689 was
512 3623 588 3707 jetat
615 3625 667 3688 das
690 3625 882 3709 Kouigrcicb
904 3628 1019 3710 Neapel
1047 3628 1154 3692 bildet.
1234 3693 1237 3702 ,

44 3730 103 3792 Die
125 3726 290 3793 Griechen
312 3727 421 3787 hatten
443 3747 503 3787 nur
525 3726 607 3788 noch
622 3727 784 3788 Calabrica
805 3724 869 3788 und
892 3725 945 3787 das
964 3729 1077 3792 Gcbiet
1098 3729 1155 3790 der

45 3829 155 3894 St'adtc
176 3827 382 3904 Terracina,
401 3826 526 3908 Neapel·
543 3827 608 3888 und
629 3827 747 3890 amalfi.
805 3826 842 3918 S.
864 3823 953 3905 Leo,
989 3827 1158 3887 Gesclziclstc

46 3950 98 3989 nou
117 3931 242 4007 Italian,
264 3927 321 3987 Bd.
344 3927 368 4006 l,
390 3927 420 3988 S.
444 3925 517 3988 228.
539 3959 582 3971 —
602 3928 723 4011 Arighis
744 3919 828 3988 blieb
851 3926 1061 4009 devabnige
1078 3927 1157 3988 Karl
1226 3937 1230 3953 ¹

46 4033 136 4094 nicht
165 4013 260 4112 lange
286 4033 366 4088 tren.
409 4029 476 4088 Der
503 4027 696 4109 griechische
724 4028 802 4106 Hof,
831 4049 891 4089 von
920 4027 1058 4108 Adalgis,
1088 4025 1159 4090 dem

5 4117 6 4122 ἵ
48 4132 155 4194 Sohue
179 4131 236 4192 des
252 4127 442 4206 Desiderins,
465 4129 634 4210 ausgeregt,
656 4129 781 4190 mochte
804 4127 854 4190 die
875 4125 1080 4208 Ausbreitung
1103 4125 1160 4188 der

48 4232 255 4296 trankischeu
277 4224 384 4304 Macht
404 4227 436 4287 iu
454 4227 561 4288 ltalien
582 4228 647 4300 und
669 4228 729 4290 deu
743 4228 877 4310 Ebrgeia
901 4224 1002 4302 Karls,
1024 4225 1182 4290 welcher·

48 4331 223 4400 vielleicht.
250 4327 347 4392 schou
373 4327 425 4392 bei
454 4327 514 4391 deu
542 4327 812 4474 Verhaudluugepp
840 4326 921 4388 iiber
953 4324 1003 4388 die
1031 4325 1161 4390 Heirath
