2834 5090
547 441 607 515 97

81 609 160 709 quid
183 613 218 683 in
250 632 384 684 camera
413 605 521 716 atque
548 614 710 686 vestiario
737 605 817 686 eins
844 603 888 686 ed
922 585 980 692 die
1008 621 1130 700 luisset

38 773 40 780 ·
78 733 261 820 inventum,
294 744 335 823 ut
361 731 497 806 ex=hoc
520 737 666 806 maiores
688 733 778 804 illius
812 737 918 831 partis
944 737 1130 820 divisiones

76 849 203 942 fierent,
230 864 266 924 et
293 853 447 949 erogatio
475 853 717 951 eleemosynae
742 850 786 922 ad
810 853 926 950 plures
949 869 1130 958 pervenire
1197 947 1202 964 ⁴

75 977 253 1070 potuisset.
305 969 500 1070 Capellam,
532 971 570 1043 id
602 982 655 1044 est
681 971 952 1063 ecclesiasticum
976 971 1130 1058 ministe-

74 1095 169 1182 rium,
193 1106 261 1166 tarn
287 1093 324 1164 id
342 1091 436 1192 quod
455 1093 530 1190 ipse
544 1091 627 1164 lecit
648 1103 751 1190 atque
770 1098 1004 1191 congregavit,
1029 1127 1128 1199 quam
1240 1111 1250 1192 j

74 1213 168 1312 quod
193 1212 237 1285 a'd
263 1237 340 1306 eum
367 1237 409 1283 ex
432 1225 573 1310 paterna
598 1211 790 1284 hereditate
815 1218 990 1311 pervenit,
1015 1231 1054 1290 ut
1077 1225 1128 1295 in-

72 1343 207 1429 tegrum
233 1327 343 1418 esset,
358 1317 360 1321 ’
376 1357 491 1431 neque
514 1329 583 1404 ulla
618 1332 786 1406 divisione
810 1335 1043 1427 scinderetur,
1073 1367 1129 1415 or-

73 1451 207 1524 dinavit.
277 1449 318 1524 Si
353 1475 420 1550 qua
449 1465 563 1526 autem
593 1454 826 1528 invenirentur
864 1467 922 1527 aut
955 1481 1035 1534 vasa
1069 1475 1128 1535 aut

71 1571 149 1645 libri
173 1563 231 1644 aut
253 1573 317 1644 alia
343 1583 557 1658 ornamenta,
597 1597 685 1672 quae
702 1553 845 1672 ¹liquido
860 1641 864 1646 .
880 1589 1054 1653 constaret
1079 1584 1131 1656 ei·

72 1691 329 1789 dem-capellae
353 1691 397 1762 ab
423 1713 466 1761 eo
493 1691 616 1763 collata
639 1719 709 1764 non
732 1691 848 1782 luisse,
873 1694 959 1768 hacc
984 1699 1043 1795 qui
1067 1699 1130 1774 ha-

69 1813 156 1884 bere
179 1811 294 1898 vellet,
321 1809 536 1882 dato‘iustae
562 1813 806 1885 aestimationis
834 1816 965 1910 pretio,
998 1835 1129 1894 emeret

71 1919 108 2004 et
132 1931 301 2004 haberet
335 1927 503 2002 Similiter
528 1925 633 2004 etde
657 1929 771 2019 libris,
804 1957 948 2032 quorum
973 1959 1131 2032 magnam.
1219 1950 1224 1967 '

70 2055 105 2124 in
131 2049 343 2126 bibliotheca
366 2077 427 2145 sua
453 2050 587 2149 copiam
614 2055 839 2150 congregavit
852 2056 902 2148 ¹),
926 2055 1060 2144 statuit,
1090 2073 1128 2132 ut

70 2175 114 2246 ab
140 2171 194 2242 his
218 2173 277 2269 qui
303 2195 365 2242 eos
390 2170 518 2242 habere
543 2171 688 2260 vellent,
721 2175 811 2246 iusto
844 2176 958 2272 pretio
983 2173 1128 2252 luissent

54 2281 229 2376 redemti,
251 2289 469 2388 pretiumque
495 2291 530 2359 in
550 2294 760 2388 pauperibus
787 2305 972 2388 erogatum
1034 2293 1144 2382 Inter,

69 2423 227 2486 caeteros
262 2409 441 2502 thesauros
474 2418 596 2505 atque·
610 2411 776 2507 pecunias
809 2423 879 2482 tres
908 2437 1046 2485 mensas
1073 2421 1136 2488 ar-J
1211 2497 1236 2508 Ι,

70 2543 214 2630 genteas
236 2541 274 2601 et
301 2551 437 2600 auream
466 2549 567 2600 unam
591 2533 797 2628 praecipuae
821 2519 1064 2628 magnitudinis
1090 2549 1128 2609 et

69 2649 234 2750 ponderis
261 2673 338 2719 esse
365 2657 507 2722 constat.
541 2629 616 2721 'De
643 2652 768 2750 quibus
792 2654 909 2723 statuit
934 2626 1038 2752 atque
1065 2651 1130 2728 de-

72 2773 190 2856 crevit,
213 2779 253 2840 ut
277 2793 344 2840 una
367 2791 410 2838 ex
424 2767 505 2857 ¹his,
539 2794 626 2865 quae
650 2771 757 2874 forma
784 2771 1029 2871 quadrangula,
1064 2771 1127 2847 de-

72 2890 294 2988 scriptionem
326 2885 422 2958 urbis
446 2881 846 2986 Constantinopolitanae
873 2895 1042 2981 continet,
1072 2895 1127 2966 iu·

71 3021 125 3081 ter
160 3020 295 3082 caetera
328 3004 467 3077 donaria
495 3029 582 3103 quae
614 3007 704 3102 ad2)
742 3007 811 3080 hoe
837 3003 1003 3107 ¹deputata
1035 3022 1126 3096 sunt,

70 3121 218 3202 Rouiam
258 3126 302 3199 ad
334 3126 508 3198 basilicam
540 3127 648 3198 sancti
678 3122 776 3200 Petri
811 3130 959 3226 apostoli
992 3126 1126 3199 delera-
1168 3215 1181 3226 η
1278 3124 1305 3215 J

71 3261 141 3337 tur,
187 3259 222 3319 et
256 3247 377 3332 altera,
418 3271 505 3344 quae
536 3244 642 3316 lorma
668 3245 832 3336 rotunda,
864 3241 1042 3319 Romanae
1067 3271 1125 3317 ur·

71 3369 126 3442 bis
153 3365 266 3463 effigie
301 3365 461 3436 decorata
474 3365 508 3456 3)
543 3377 613 3452 est,
629 3413 632 3417 -
651 3368 829 3464 episcopio
845 3363 880 3457 4)
913 3361 1124 3438 Ravennatis

40 3483 243 3567 ·ecclesiae
278 3485 528 3582 conleratuff).
595 3480 763 3571 Tertiam,
808 3502 903 3581 quae·
931 3486 1055 3557 ceteris
1088 3496 1124 3556 et

73 3609 188 3705 operis
220 3605 474 3704 pulchritudine
514 3613 548 3674 et
580 3601 745 3699 ponderis
775 3592 940 3700 gravitate
980 3603 1122 3675 multum

72 3727 219 3814 excellit,
234 3751 320 3825 quae
340 3726 508 3797 extribus
530 3721 672 3794 orbibus
694 3745 857 3810 connexa,
884 3723 987 3794 totius
1004 3722 1122 3815 mundi

72 3843 340 3944 descriptionem
367 3843 482 3934 subtili
508 3864 548 3913 ac
574 3839 700 3910 minuta
721 3837 935 3949 ¹figuratione
969 3841 1121 3944 comple·
1254 3919 1261 3936 κ

25 4028 224 4050 Ἥ

154 4150 212 4210 All.
232 4147 350 4210 latebra
368 4161 579 4225 congregatam.
659 4147 691 4222 π)
709 4143 767 4205 All.
787 4143 832 4206 ab.
937 4202 943 4208 .

754 4461 770 4514 7
