2834 5090
471 403 480 420 “
538 441 626 510 rar

68 605 138 679 fac
159 607 345 680 negemus
367 606 505 664 enardi
524 627 588 664 uos
607 609 642 665 iu
663 605 730 687 dte,
756 628 824 688 qua
844 613 1135 678 invocaverimus·

48 718 128 766 ’τοι
151 710 221 792 quia
245 728 319 771 ecce
341 728 437 769 novus
457 707 731 770 christianissimus
752 713 812 776 Dei
833 712 1048 778 Constantinus
1067 723 1130 782 Im·-

73 821 201 892 pcrator
221 811 269 871 bis
290 809 481 891 temporibus
502 809 642 886 surrexit,
663 831 722 890 per
734 833 826 893 quem
839 814 943 875 omnia
955 817 1038 878 Deus
1060 841 1130 882 san-

73 921 150 973 ctae'
168 933 240 973 suae
261 909 417 971 Ecclesiae
444 911 607 970 beatorum
627 909 849 991 Apostoloinm
874 915 1023 998 principis
1044 918 1131 981 Petri

71 1013 179 1094 largiri
201 1013 341 1101 dignatus
364 1019 418 1070 est.
463 1009 574 1070 Sedet
595 1019 706 1071 cuncta
729 1012 796 1089 alia,
818 1033 896 1095 quae
917 1035 975 1096 per
993 1017 1149 1082 diversos·

71 1115 294 1195 Imperatores,
316 1110 483 1180 Patricius,
505 1110 596 1170 etiam
618 1119 650 1170 et
670 1110 744 1171 alios
769 1113 870 1174 Deum
892 1115 1069 1188 timentes,
1066 1139 1130 1200 pro

71 1235 182 1274 eorum
209 1214 328 1274 animae
355 1210 515 1285 mercede,
549 1219 581 1270 et
607 1209 703 1271 venia
727 1197 947 1275 delictorum
938 1218 1131 1296 inpartibus

70 1314 219 1389 Tusciae,
247 1313 388 1396 spoleto,
414 1329 467 1372 sen
489 1311 703 1387 Benevento,
710 1319 816 1393 atque·
824 1313 962 1394 Corsica,
989 1318 1079 1378 simul
1100 1329 1132 1382 et

70 1413 231 1475 Savinensi
252 1412 447 1494 patrimonio,
470 1411 503 1470 B.
517 1411 612 1472 Petro
634 1413 791 1490 Apostolo,
814 1425 998 1499 sanctaeque
1018 1419 1078 1478 Dei
1099 1429 1131 1480 et

69 1513 265 1596 Apostolicae
279 1516 435 1575 Romanae
446 1511 602 1572 Ecclesiae
624 1533 769 1574 concessa
790 1525 870 1593 sunt,
892 1525 923 1577 et
919 1537 1002 1618 per
1022 1519 1131 1578 nefan-

70 1614 144 1675 dam
165 1623 288 1696 gentem
308 1611 586 1695 Langobardorum
607 1633 665 1694 per
687 1635 838 1675 annorum
860 1597 955 1696 spatia
977 1618 1131 1681 abstracta

70 1723 164 1797 atque
186 1715 287 1774 ablata
309 1723 389 1789 sunt,
410 1712 518 1771 vestris
540 1714 732 1792 temporibus
754 1717 963 1778 restituantur
991 1719 1086 1782 Unde
1099 1729 1131 1782 et

66 1815 188 1895 plures
203 1811 384 1873 donationes
400 1812 443 1872 =in
471 1831 559 1872 sacro
590 1821 696 1874 nostro
724 1815 837 1874 scrinio
859 1817 1056 1880 Lateraneusi
1077 1841 1131 1881 re·

68 1913 212 1975 conditas
239 1909 404 1973 habemus:
438 1921 541 1972 tamen
569 1923 600 1973 et
625 1936 685 1995 pro
707 1901 913 1975 satisfactione
934 1916 1130 1980 Christianis·

69 2015 139 2074 simi
161 2015 250 2095 regni
271 2015 375 2090 vestri,
397 2033 455 2094 per
476 2013 615 2074 iamfatos
637 2015 719 2076 viros
742 2015 780 2076 ad
795 2014 1068 2080 demonstrandum
1080 2039 1134 2080 eas

68 2116 158 2176 vobis
186 2114 364 2175 direximus:
387 2111 428 2174 'et
448 2133 507 2193 pro
528 2113 590 2174 hoc
611 2115 744 2194 petimus
773 2116 912 2177 eximiam
932 2117 1131 2180 Praecellen-

67 2217 145 2275 tiam
165 2223 299 2274 vestram
320 2223 356 2272 ut
376 2214 409 2270 in
429 2213 550 2292 integro
570 2215 636 2293 ipsa
656 2215 842 2296 patrimonia
863 2218 896 2277 B.
909 2219 1005 2279 Petro
1027 2209 1058 2281 ¹et
1072 2241 1131 2281 no-

67 2314 309 2380 bis·restitnere
336 2313 482 2372 iubeatis:
513 2321 554 2380 ut¹
575 2313 649 2373 dum
678 2318 779 2374 omnia
806 2339 864 2397 per
890 2327 1027 2379 vestrum
1054 2343 1131 2380 con.

69 2437 183 2498 gruum
213 2413 397 2497 dispositum
428 2421 532 2473 saneta
558 2406 618 2472 De'i
645 2413 784 2474 Ecclesia
815 2415 926 2476 effectu
951 2419 1130 2499 susceperit,

70 2517 137 2597 ipse
166 2513 312 2595 princeps
333 2513 552 2596 Apostolorum
576 2513 612 2574 Β.
635 2513 745 2575 Petrus
768 2525 838 2576 ante
859 2512 998 2576 tribunal
1019 2517 1131 2578 Omni.

67 2614 205 2698 potentis
227 2614 422 2676 elementiam
443 2631 502 2694 pro
523 2623 624 2674 vestra
647 2606 792 2695 sospitate
809 2625 900 2700 atque
914 2616 1130 2696 longaevitate,

70 2727 100 2778 et
123 2714 323 2776 exsultatione
346 2739 363 2776 a
386 2719 453 2776 Deo
476 2713 643 2775 confortati
665 2718 754 2797 regni
774 2717 869 2778 vestri
890 2715 1087 2798 deprecetur.

32 2817 92 2878 Alle
115 2815 354 2894 Schriitsteller‚
382 2817 476 2876 selbst
497 2813 685 2900 diejenigen‚
714 2817 831 2881 welche
853 2815 1130 2900 sammtliclse,Ge-

33 2917 203 2978 rechtsame
220 2915 278 2997 ¹des
299 2915 492 2998 papstliohen
505 2917 627 2976 Stuhles
640 2939 676 2978 au
691 2917 902 3000 vertheidigeu
917 2919 982 2981 sich
998 2919 1131 2983 benth-

34 3027 91 3095 ten,
115 3017 185 3078 sind
197 3017 335 3080 dariiber
347 3015 593 3093 einverstanden,
609 3016 673 3077 dass
688 3017 770 3076 diese
782 3017 1131 3099 Scbenkungsurkunde
1230 3093 1237 3102 .

34 3113 298 3200 untergeschoben
321 3117 379 3193 sei,
407 3116 510 3176 wofi'm
531 3116 650 3176 iussere
672 3115 736 3176 und
759 3116 868 3178 innere
890 3118 1021 3180 Griinde
1041 3141 1130 3178 man-

34 3219 191 3301 oigfacher
213 3221 269 3280 Art
291 3216 441 3300 spreohen
456 3213 492 3290 ¹).
535 3219 682 3299 Dagegen
704 3216 786 3280 lsarin
810 3235 848 3278 an
871 3217 928 3278 der
940 3215 1129 3300 Schenkung
1187 3225 1195 3238 “

33 3379 230 3392 ——n—-n

98 3497 127 3568 ¹)
151 3495 237 3563 Vergl.
254 3495 423 3552 Laurens.
447 3497 564 3562 Valla,
591 3496 625 3550 de
639 3497 720 3565 solra
739 3495 847 3550 credita
864 3505 893 3549 et
908 3477 1043 3550 emanata
1060 3497 1129 3556 Con-

32 3583 152 3635 stantini
166 3579 316 3635 donatione
333 3580 396 3635 decl
384 3583 507 3648 flumana
523 3584 567 3636 bei
584 3583 606 3638 S
611 3582 735 3646 elcard
755 3581 882 3636 Collects'o
894 3579 928 3636 de
937 3579 1129 3641 Iunsdic'ti'o'rie

34 3669 203 3722 auctoritate
219 3667 370 3740 Imperialt)
388 3692 413 3745 p.
427 3671 476 3724 731
501 3669 678 3740 (1133611566,
696 3671 749 3727 sol..
767 3669 832 3720 auch
850 3667 991 3722 besonders
1008 3669 1131 3736 gedruclrt

33 3752 133 3826 heyden
152 3749 232 3816 1610,
248 3755 273 3807 4
308 3755 360 3806 Ver
361 3756 391 3820 ςΙ
422 3753 594 3818 truciter,
620 3751 782 3808 Gesctzclrte
804 3750 854 3803 der
871 3751 1007 3817 LzNJterat‚
1028 3755 1087 3810 Ba
1091 3747 1143 3838 ΙΙ,Ι

34 3837 57 3890 S
68 3839 125 3893 279.
147 3837 244 3892 Petr.
263 3835 303 3890 de
318 3837 448 3904 Murco,
467 3839 638 3895 Dissertatio
656 3837 690 3892 de
709 3834 856 3892 concorden
873 3835 1024 3892 sacerdotii
1038 3843 1071 3895 et
1079 3831 1132 3890 nia

32 3925 114 3989 perii,
131 3937 180 3975 sen
198 3921 232 3976 de
250 3913 426 4002 libertatibus
442 3923 583 3978 Ecclesiae
598 3923 646 3977 Ga
648 3923 774 3978 Hrffcanae
803 3921 906 3975 Franks.
925 3923 1004 3985 1708,
1022 3922 1066 3974 fol.
1072 3915 1130 3986 ΙΙΙ,

35 4007 70 4059 12.
104 4023 129 4061 a.
147 4005 291 4072 Bainun,
316 4005 443 4062 deutsche
460 4007 690 4071 Reicbshe'rtorz'e,
709 4009 758 4059 Th.
778 4007 810 4069 Il,
828 4008 853 4060 S.
871 4007 967 4063 36311
1002 4005 1131 4058 Erwthnt

35 4091 136 4144 wird'
116 4113 153 4146 ne
171 4095 237 4146 auch
254 4115 306 4146 von
323 4093 507 4167 He'ncmarp
529 4093 617 4176 Epist.
636 4093 682 4158 11,
700 4113 721 4145 c.
739 4094 777 4146 13
796 4092 866 4164 Opp
883 4091 960 4143 Tom.
977 4083 1019 4152 ΙΙ,
1027 4110 1053 4160 p
1071 4081 1134 4178 206.ὶ

36 4173 103 4229 Ado
127 4175 259 4245 Vienn„
283 4177 398 4244 Otroia,
416 4195 441 4232 o
458 4135 523 4242 306,
540 4176 612 4232 ΒΙΙΙ
630 4175 707 4231 Mox.
724 4177 860 4240 Petram,
877 4173 938 4232 Vol
954 4171 1024 4225 XVI
1049 4165 1129 4238 bugd.

36 4261 111 4326 1677,
137 4261 197 4325 iol..
217 4285 245 4334 p
263 4264 376 4318 793.-
412 4259 593 4316 Beronices
614 4261 849 4332 (AnnalEcrles.
872 4245 1134 4328 6116301913,

36 4363 72 4401 nr.
87 4347 169 4432 118)
170 4347 310 4417 bebaoptet
326 4347 398 4402 nieht
415 4347 462 4401 mit
477 4347 602 4412 Uarecbt,
619 4349 674 4402 deis
691 4348 733 4401 die
749 4345 856 4411 Angahe
872 4360 923 4394 von
940 4325 1000 4394 dem
1010 4341 1131 4396 Verban-

729 4430 782 4483 1⁰*
