2834 5090
540 417 627 492 les

76 583 235 667 apostolici
255 577 289 650 id
309 585 411 670 ipsum
431 584 472 650 ad
493 585 722 650 defendendam
741 545 879 652 sanctam
888 587 1059 659 teduinus
1073 609 1133 672 po-

75 687 208 766 stulavit,
226 696 263 753 ut
287 688 387 770 ipsum
407 689 583 760 Romanum
601 689 751 770 populum
775 688 923 769 superbia
939 691 1022 784 regis
1042 692 1134 755 Desi-

75 786 153 850 derii
173 788 337 864 liberaret,
358 788 527 870 adiungens
549 788 634 871 quod
655 789 721 868 ipse
742 787 897 872 legitimus
917 799 1004 860 tutor
1025 800 1058 855 et
1077 792 1133 854 de-

13 925 16 934 ‚
72 889 177 952 feusor
198 897 279 952 esset
298 868 378 952 illius
400 890 509 973 plebis,
531 889 680 973 quoniam
700 889 787 952 illum
808 889 1131 972 praedecessor‘snus,

72 988 181 1052 beatae
207 990 374 1052 memoriae
402 989 575 1071 Stephanus
601 1009 697 1070 popa,
729 991 878 1055 unctione
905 992 1134 1070 saoraliuiens,

71 1100 147 1154 tunc
169 1109 275 1174 regens
295 1112 332 1154 ac
352 1091 520 1172 patricium
540 1089 710 1156 ordinarat.
747 1091 874 1160 Carolus
895 1089 991 1171 igitur
1009 1111 1133 1174 reaper
1168 1127 1170 1135 ,
1217 1129 1222 1140 =

70 1191 233 1252 consslrum
244 1191 428 1274 optimatum
439 1213 575 1270 snorum,
598 1190 788 1252 voluntatem
801 1191 907 1252 domni
929 1193 1132 1273 apostolicise
1255 1203 1257 1212 '

70 1290 311 1372 adimpleturum
328 1313 397 1364 esse
412 1314 484 1356 cuns
494 1292 554 1356 Dei
567 1292 688 1370 auxilio,
710 1291 823 1358 devota
836 1301 941 1356 mente
955 1292 1131 1393 spopondit.

32 1389 981 1475 Anastas,ost.Adnusi,p.1832p.Muratori,1,1s

66 1492 109 1552 Et
130 1491 234 1556 dum
225 1513 257 1554 sn
278 1512 390 1577 magna
411 1495 561 1577 angustia,
583 1515 619 1556 ac
634 1494 842 1558 tribulatione
863 1493 1056 1572 consisteret,
1075 1513 1133 1557 ne-
1255 1487 1258 1496 ’

68 1593 212 1656 cessitate
231 1595 417 1674 compulsas,
438 1594 550 1658 direxit
571 1615 641 1662 suos
654 1595 763 1664 Missos
784 1595 905 1659 marino
925 1594 1038 1658 itinere
1059 1617 1132 1660 oum

66 1694 251 1780 Apostolicis
272 1695 369 1758 literis
392 1695 431 1758 ad
453 1694 738 1758 excellentissimum
760 1695 944 1772 Carolum.s
964 1697 1033 1758 Deo
1055 1716 1132 1777 pros·

65 1804 187 1859 tectum
207 1796 331 1876 Regem*
345 1796 557 1866 Francorum,
579 1803 611 1858 et
631 1794 806 1862 Patricium
823 1798 1053 1874 Romanorum,
1074 1795 1131 1857 de·

64 1915 198 1976 precans
220 1895 284 1956 eins
305 1894 540 1974 Excellentiam,
559 1904 596 1966 ut
616 1894 697 1958 sicut
717 1915 788 1958 suus
808 1905 900 1978 pater
921 1905 1048 1960 sauctae
1064 1916 1131 1958 me-

64 1994 355 2078 moriaePippians‚
378 2006 410 2059 ot
431 1997 496 2078 ipse
517 2005 726 2067 succurreret,
748 2005 841 2080 atque
861 1994 1132 2061 subveniretssn.

65 2105 136 2158 ctae
157 2095 218 2158 Dei
238 2095 405 2175 Ecclesiae,
425 2105 457 2160 et
477 2095 611 2161 afflictae
631 2097 855 2175 Romanorum,
876 2095 1131 2161 seuErarolsatus

65 2197 293 2261 Rauennatium
308 2197 510 2276 prouincias,
538 2207 632 2280 atque
652 2199 806 2282 ριειιιιίιι
826 2197 914 2265 Beati
934 2197 1022 2262 Petri
1042 2197 1132 2260 iusti-

63 2297 136 2373 tias,
157 2304 189 2356 et
209 2295 357 2368 abstultas
378 2295 516 2360 civitates
539 2297 579 2356 ab
600 2297 711 2361 eodem
721 2298 887 2364 Desiderio
896 2319 972 2381 rege
984 2299 1130 2412 exigeret.

29 2393 223 2474 diethardi,
244 2395 369 2474 Amul„
390 2396 466 2474 773,
487 2417 519 2478 p.
542 2396 618 2459 lot·

66 2496 243 2564 Hadrianus
264 2519 345 2580 papa
366 2517 438 2560 cuns
459 2494 655 2566 insolentiam
675 2495 830 2562 Desiderii
851 2496 932 2578 regis
954 2507 986 2560 et
1005 2498 1130 2581 Longo
1129 2523 1132 2530 ¹

64 2598 238 2662 bardorum
260 2598 492 2682 oppressionem
512 2597 597 2663 ferra
618 2618 682 2666 non
702 2606 816 2679 posset,
839 2595 979 2662 decrevit
994 2599 1130 2715 utlega-

65 2699 184 2764 tionem
206 2697 246 2763 ad
259 2699 407 2768 Karlnm
404 2719 518 2783 regem
531 2698 725 2766 Francorum
746 2698 895 2778 misserat,
916 2719 1050 2781 eumque
1070 2679 1130 2763 siba
1157 2706 1159 2714 '

67 2810 161 2884 atque
182 2799 329 2865 Romanis
358 2798 503 2864 adversus
523 2798 747 2882 Langobardos
774 2819 867 2881 opem
887 2800 971 2864 ferre
992 2809 1129 2883 rogaret.

65 2900 107 2964 Et
124 2900 197 2984 quis
218 2900 253 2964 id
273 2910 402 2970 terreno
421 2898 533 2962 struere
544 2920 602 2980 per
613 2900 733 2963 ltaliam
745 2901 814 2964 liert
825 2921 889 2964 non
903 2910 1037 2982 poterat,
1057 2921 1129 2964 enm
1203 2911 1210 2923 '

66 3023 160 3084 quem
180 3001 307 3066 asismat
326 3001 474 3084 legatum,
495 2999 620 3064 nomine
631 2999 770 3076 Petrum,
791 3002 910 3064 Romae
931 3023 1041 3067 navens
1051 3023 1130 3066 oon-

66 3102 216 3166 scendero
238 3112 270 3166 at
283 3103 450 3169 Massiliam
469 3121 567 3184 usque
588 3121 645 3181 per
666 3119 753 3164 mare
774 3099 831 3178 ire,
852 3109 946 3182 atque
966 3102 1040 3167 iude
1062 3112 1129 3164 ter-

67 3223 144 3266 reno
159 3202 281 3270 ,itinere
300 3204 335 3275 in
354 3203 520 3269 Franciam
539 3188 623 3264 fucit¹
635 3199 810 3283 pervenire.
1157 3235 1161 3242 ·

31 3301 190 3368 Poetisolae
209 3304 462 3389 Umschrsihuug
483 3302 540 3370 hei.
556 3301 629 3364 dem
649 3300 766 3362 Ριὲιιι
785 3300 898 3374 Sans,
920 3303 944 3381 l,
965 3300 1072 3364 trum.
1086 3304 1127 3383 X,

30 3423 57 3482 p.
77 3403 149 3466 229.
1162 3441 1167 3446 -

105 3504 253 3585 Stephano
270 3523 350 3586 popu
369 3499 575 3587 supplicante}
618 3502 672 3567 lob
694 3503 872 3566 iibersetues
903 3501 965 3582 uus
978 3505 1028 3566 dis
1040 3500 1128 3583 sass-

25 3599 142 3680 fodiem
164 3605 276 3667 Βίιιιιι.
319 3607 350 3668 S.
376 3605 505 3669 Cluonic.
528 3605 691 3684 Moissiuc,
713 3609 787 3678 stt,
808 3629 839 3691 p.
862 3609 940 3670 293:
1162 3680 1166 3688 Ι

66 3707 215 3792 Sequenti
237 3709 288 3770 die
310 3703 368 3790 [an
390 3708 461 3772 dem
473 3710 558 3792 Tage
580 3706 660 3770 nach
682 3704 952 3790 seinerdnkunst]
973 3730 1036 3772 una
1056 3731 1128 3771 num

67 3808 151 3872 clero
173 3828 229 3870 suo
246 3829 386 3892 aspersus
407 3810 514 3874 cinere
525 3820 557 3874 et
572 3809 697 3872 indutus
709 3809 846 3872 cilicio
832 3831 867 3869 ιιι
887 3819 1037 3873 terrum
1035 3827 1128 3889 pro-

64 3918 230 3981 stratus,
262 3930 321 3992 per
347 3911 593 3974 misericordiam
618 3911 679 3980 Dei
703 3911 925 3992 omnipotentis
958 3923 991 3975 et
1016 3910 1129 3971 merita

65 4009 229 4090 beatorum
248 4011 458 4092 apostolorum
479 4013 566 4075 Petri
588 4023 619 4076 et
639 4013 728 4074 Pauli
748 4012 915 4095 Pippinum
941 4025 1047 4094 regent
1068 4009 1127 4070 oh-

66 4131 200 4188 seorsus,
221 4121 257 4172 ut
277 4133 309 4172 se
331 4122 362 4173 et
380 4115 534 4228 populum
543 4115 716 4182 Romanum
739 4113 778 4176 de
799 4137 893 4176 manu
903 4107 1127 4194 Langobardo-

65 4233 137 4274 rum
157 4220 189 4272 et
210 4211 335 4296 superbi
357 4215 437 4296 regis
463 4215 604 4278 Ha'istulfi
626 4215 751 4278 servitio
767 4215 936 4285 liberarem
958 4220 1126 4274 necantes
1245 4197 1256 4230 ‘

65 4311 103 4376 de
124 4323 213 4376 terra
233 4334 361 4398 surgere
381 4314 489 4396 voluit,
510 4317 684 4400 quamxsibi
703 4338 757 4383 rex
778 4313 955 4397 praedictus
975 4312 1125 4399 Pippinus
