2870 5086
544 443 548 458 ·
580 407 644 506 oc

62 605 242 704 peditioue,
265 605 378 703 qua¹)
406 617 442 676 et
467 604 609 680 obsides
636 603 716 704 dare
743 616 778 676 et
804 629 891 705 quae
917 609 1161 704 imperarentur

61 751 96 798 se
120 727 267 798 facturos
284 724 451 821 polliceri,
478 725 590 798 coacti
608 735 695 796 sunt.
731 721 813 822 lpse
833 739 956 823 postea
969 753 1046 800 cum
1062 753 1160 800 exer-

61 850 124 918 citu
147 845 277 918 ltaliam
299 847 474 940 ingressus
505 864 546 914 ae
576 870 640 940 per
669 843 816 916 Romam
849 848 914 918 iter
939 871 1062 942 agens,
1093 845 1159 918 Ca-

58 993 162 1062 puam,
190 947 396 1062 Campaniae
421 963 552 1049 urbem,
578 965 735 1048 accessit,
760 976 862 1062 atque
889 967 936 1038 ibi
956 969 1079 1063 positis
1103 992 1158 1038 cn-

57 1089 139 1174 stris,
159 1083 571 1170 bellum-Beneventanis,
596 1087 630 1157 ni
650 1079 858 1158 dederentur
868 1084 915 1178 2),
937 1087 1158 1157 comminatus
1225 1147 1230 1157 .

57 1217 111 1276 est.
161 1204 347 1278 Praevenit
372 1204 440 1274 hoc
466 1202 534 1275 dux
556 1207 672 1300 gentis
696 1201 931 1302 Aragisus³),
956 1205 1043 1291 filios
1067 1231 1158 1292 suco,

53 1321 306 1416 Rumoldum4)
337 1335 374 1394 ¹et
406 1320 713 1418 Grimoaldum5),
748 1351 826 1396 cum
858 1353 979 1424 magna
1011 1326 1177 1421 pecunia'

52 1447 185 1518 obviam
210 1447 283 1541 regi
308 1446 466 1530 mittens,
497 1456 597 1539 rogat
619 1456 658 1515 ut
692 1444 834 1518 obsides
864 1446 952 1518 lilios
984 1445 1158 1540 suscipiat,

51 1591 154 1664 seque
180 1590 257 1641 cum
282 1575 387 1660 gente
412 1565 576 1660 imperata
600 1562 766 1636 facturum
790 1567 989 1662 pollicetur,
1020 1576 1157 1660 praeter

50 1685 111 1757 hoc
137 1688 259 1770 solum,
285 1686 314 1756 si
340 1686 415 1780 ipse
440 1681 483 1753 ad
509 1695 734 1778 conspectum
765 1687 881 1756 venire
915 1695 1097 1779 cogeretur
1110 1685 1155 1780 ⁶).

50 1799 132 1891 Rex,
154 1805 300 1876 utilitate
314 1801 349 1896 ⁷)
374 1804 488 1899 gentis
513 1804 632 1897 magis⁴
651 1828 751 1899 quarn
777 1792 877 1873 animi
904 1805 977 1874 eius
1004 1803 1154 1876 obstina-

49 1926 137 1997 tione
166 1923 391 2010 considerata,
421 1935 457 1994 et
482 1921 617 1994 oblatos
643 1923 708 1996 sibi
737 1920 878 1995 obsides
903 1925 1073 2018 suscepit,
1105 1925 1154 1994 ei-

49 2071 118 2142 que,
139 2058 181 2118 ut
205 2043 248 2117 ad
275 2055 500 2140 conspectum
512 2043 630 2114 venire
643 2067 713 2112 non
733 2052 925 2138 cogeretur,
948 2067 1012 2138 pro
1029 2061 1153 2138 magno
1194 2033 1201 2052 ’

48 2191 183 2237 munero
210 2167 401 2250 concessit;
430 2187 570 2260 unoque
598 2187 640 2233 ex
664 2161 751 2248 filiis,
777 2165 835 2260 qui
857 2165 969 2234 minor
981 2171 1062 2249 erat,
1089 2163 1152 2236 ob-

48 2284 223 2376 sidatus⁸)
249 2285 356 2380 gratia
380 2293 525 2368 retento,
550 2284 712 2352 maiorem
736 2286 824 2380 patri
848 2284 987 2368 remisit,
1012 2283 1151 2380 legatis-

47 2429 104 2501 que
134 2406 183 2478 ob
210 2412 419 2475 sacramenta
452 2401 623 2474 fidelitatis
639 2427 672 2470 a
700 2398 955 2474 Beneventanis
983 2402 1150 2500 exigenda

46 2536 141 2622 atque
168 2520 388 2620 suscipienda
408 2521 532 2617 cum9)
559 2517 706 2618 Aragiso
733 2520 892 2610 dimissit,
916 2519 1063 2594 Romam
1095 2547 1149 2594 re·

209 2731 212 2738 .

167 2817 263 2876 Deest
281 2815 312 2872 in
333 2814 381 2873 all.
418 2845 457 2858 —
476 2874 477 2887 ,
499 2817 532 2888 ²)
552 2813 609 2872 All.
628 2835 688 2874 sese
705 2812 846 2878 dedam

165 3007 226 3068 All.
246 3006 435 3079 Rornuldum,
453 3000 641 3075 Rornnldum,
660 3001 843 3063 Romoldum.

108 3200 139 3273 ⁶)
160 3197 209 3258 Ita
235 3200 355 3279 reposui
382 3219 434 3278 spe
460 3197 568 3256 codicis
593 3193 776 3268 Florentini,
802 3212 835 3252 ac
855 3191 975 3251 iubente
1002 3194 1142 3255 Conrado

39 3289 148 3353 thtate
173 3295 385 3374 Urspergensi,
412 3292 462 3372 qui
487 3290 668 3368 Einharduru
688 3287 845 3369 exscripsit,
887 3287 987 3369 Vulgo
1007 3290 1038 3348 in
1060 3292 1143 3352 editis

38 3388 221 3449 aNuenario
243 3409 276 3447 ac
295 3386 447 3462 Reubero,
465 3385 517 3444 sed
536 3405 601 3444 oum
622 3387 776 3467 dispendio
792 3385 956 3446 sententiae
976 3384 1143 3467 legebatur;

33 3483 220 3558 proeterhoc,
235 3474 331 3558 iiiprso
341 3483 374 3539 iu
384 3494 562 3556 conspectum
572 3486 667 3540 omero
684 3501 756 3539 non
775 3495 931 3557 cogeretur.
950 3515 989 3528 —
1014 3482 1142 3542 Besso-

36 3575 106 3639 liue.
148 3582 207 3661 [Et
228 3581 268 3639 ita
288 3577 432 3658 praebent
456 3577 574 3637 codices
600 3597 706 3636 norem
727 3597 743 3634 a
763 3576 881 3636 Pertzio
903 3579 1028 3658 collati]
1067 3578 1141 3639 Bol-

36 3670 129 3736 landus
152 3677 262 3738 edidit:
282 3679 309 3734 si
326 3695 397 3734 nora
415 3675 477 3747 ι’ρεο
495 3672 537 3732 od
554 3686 732 3748 conspectum
749 3675 845 3733 uenire
862 3687 1020 3751 cogeretur.

105 3773 137 3850 ⁷)
159 3773 185 3830 Ι.
209 3793 235 3831 e.
257 3771 372 3832 virtute.
391 3803 429 3814 -
449 3769 568 3833 Pertz.

104 3870 136 3946 ⁸)
157 3867 328 3928 Nuenarius
348 3865 469 3944 propius
494 3865 530 3924 ab
557 3863 674 3942 antiqua
700 3863 871 3924 Latinitate:
891 3888 951 3941 pro
976 3865 1071 3926 meida
1093 3890 1155 3926 ren

33 3971 108 4021 tento.
162 3964 317 4039 Gregor.
346 3961 544 4024 Turonum.
570 3961 608 4034 V,
633 3965 688 4025 27:
703 3960 806 4040 filium
829 3985 912 4022 sunm
937 3968 972 4022 in
997 3959 1138 4022 obsidu—
1260 3991 1263 3998 Δ

34 4067 97 4118 tum
115 4058 195 4120 dans
214 4071 394 4120 sacramento
411 4078 442 4132 se
459 4057 640 4118 computate.
658 4093 697 4108 -
715 4055 874 4117 Bredow.

41 4177 44 4186 ·
104 4160 136 4234 ⁹)
159 4155 277 4216 Vitium
296 4155 328 4213 in
348 4154 392 4213 his
411 4151 508 4213 verbis
527 4152 617 4212 latere
638 4165 733 4232 patet,
760 4175 933 4234 quamquam
958 4152 1054 4211 nullus
1073 4152 1137 4212 eti-

33 4256 120 4312 torum
141 4253 174 4311 in
196 4253 256 4311 lroo
277 4249 346 4308 loco
366 4248 468 4308 haesit.
507 4247 634 4330 Legatos
654 4251 746 4325 misit,
770 4251 814 4311 uti
834 4251 978 4313 Henricus
1000 4245 1035 4307 de
1058 4247 1136 4312 Her-

32 4349 123 4409 rordia
143 4345 308 4429 (Einhardi
327 4343 455 4404 Annales
475 4347 614 4424 sequens)
641 4345 746 4406 clarius
773 4355 888 4419 narrat,
913 4343 962 4423 qui
984 4355 1014 4404 et
1033 4345 1136 4411 &cem
