2870 5086
799 486 857 554 20

332 663 400 732 tiae
430 659 544 743 venia,
576 656 730 754 legitimo
759 681 825 745 „eos
856 657 1068 730 matrimonio
1093 655 1315 750 coniungam,
1350 665 1380 722 et

301 806 306 832 ¹
331 782 380 852 rei
406 779 593 878 probrosae
613 775 803 878 honestatis
820 775 970 848 colorem
991 773 1261 873 superinducam.
1311 769 1380 844 Re-

329 903 384 996 gis
410 923 494 996 ergo
519 893 633 968 audita
658 895 843 982 sententia,
872 893 909 967 fit
934 893 1199 994 incomparabile
1225 893 1381 990 gaudium

302 1048 306 1064 ·
329 1015 599 1115 magnitudoque
623 1016 725 1088 animi
751 1017 825 1087 eius
849 1040 890 1086 ac
915 1012 1139 1088 mansuetudo
1171 1015 1311 1086 summis
1337 1007 1382 1082 el·
1430 1073 1432 1082 .

300 1183 312 1192 ·‹
330 1139 437 1210 fertur
461 1135 626 1210 laudibus.
677 1131 815 1224 Interim
831 1132 1026 1208 Einhardus
1051 1137 1162 1206 iussus
1181 1135 1316 1220 adesse,
1336 1133 1382 1203 in-

324 1246 491 1364 greditur.
543 1252 657 1333 Quem
683 1278 726 1326 ex
745 1255 922 1352 inopinato
947 1251 1028 1326 Res
1051 1254 1209 1340 salutans,
1237 1256 1284 1325 ita
1311 1275 1383 1324 eum

164 1369 166 1377 ¹
224 1466 231 1478 .
328 1375 466 1476 placido
491 1373 587 1445 vultu
610 1373 810 1472 alloquitur:
858 1370 928 1446 lam
951 1372 1078 1446 dudum
1103 1374 1240 1447 auribus
1262 1371 1383 1444 nostris

331 1525 350 1570 a
375 1495 488 1568 vobis*
503 1489 613 1564 delata
636 1506 689 1566 est
713 1495 938 1594 querimonia,
967 1493 1062 1593 quod
1088 1495 1235 1568 servitiis
1265 1492 1384 1564 vestris

289 1641 303 1656 ··
328 1613 436 1710 regali
462 1611 690 1686 munificentia
709 1613 875 1686 hactenus
889 1613 993 1712 digne
1018 1641 1088 1686 non
1099 1612 1385 1711 responderimus.

312 1728 405 1804 sed
432 1727 493 1823 (ut
514 1757 631 1804 venum
657 1733 784 1828 fatear)
806 1735 964 1808 maxime‘
983 1759 1087 1833 super
1118 1733 1186 1805 hoc
1219 1726 1387 1828 culpanda

275 1861 302 1943 j·
329 1863 383 1924 est
414 1864 527 1924 vestra
557 1854 775 1951 negligentia.
825 1851 903 1926 Etsi
936 1859 1026 1927 enim
1060 1855 1243 1926 sustineam
1272 1861 1325 1921 tot
1355 1858 1387 1918 et

284 2021 287 2028 «
327 1983 420 2046 tanta
444 1973 585 2067 negotia
609 1974 720 2044 solus:
753 1985 866 2046 tamen
887 1977 917 2046 si
940 1973 1024 2073 quid
1046 1973 1229 2045 voluntatis
1254 1979 1386 2042 vestrae

314 2101 540 2188 ¹compertum
566 2090 777 2179 habuissem,
809 2093 945 2165 servitia
969 2105 1081 2166 vestra
1115 2092 1219 2192 digno
1246 2090 1385 2163 fuissem

301 2220 532 2311 *persecutus
551 2210 692 2282 honore.
742 2209 872 2286 Verum
901 2239 945 2287 ne
976 2239 1039 2286 vos
1069 2212 1199 2288 diutino
1225 2227 1385 2284 sermone

302 2325 536 2431 protraham,
567 2331 787 2428 querimoniis
812 2335 935 2408 vestris
965 2334 1170 2432 amplissima
1200 2330 1385 2405 donatione

328 2448 541 2537 satisfaciam,
569 2461 604 2521 et
628 2462 666 2522 ut
690 2475 753 2523 vos
782 2457 882 2526 etiam
909 2454 1045 2526 fidelem
1067 2451 1150 2522 mihi
1171 2461 1208 2520 ut
1231 2453 1328 2548 prius
1354 2459 1387 2520 et
1431 2423 1432 2519 l

321 2567 533 2647 benevolum
559 2569 705 2667 posthac
728 2575 887 2661 sentiam,
921 2575 984 2644 iuri
1005 2581 1120 2642 vestro
1147 2581 1292 2667 nuptum
1320 2582 1385 2641 tra-

281 2735 286 2744 ·
321 2688 405 2762 Ιιίιιιι
415 2715 525 2762 meam
543 2689 653 2775 liliam,
676 2701 821 2762 vestram
839 2690 973 2764 scilicet
988 2691 1209 2790 portatricem
1227 2687 1274 2784 ¹),
1299 2713 1386 2788 quae

328 2808 533 2907 quandoque
557 2809 624 2880 alte
650 2811 826 2881 succincta
843 2820 977 2883 vestrae
1003 2805 1219 2884 subventioni
1244 2811 1331 2882 satis
1350 2833 1386 2881 se

327 2928 531 3024 morigeram
551 2927 712 3004 exhibuit.
761 2926 924 3000 Protinus
941 2928 985 3001 ad
996 2928 1107 3028 Regis
1120 2927 1283 3017 edictum,
1309 2956 1386 3001 cum

326 3046 431 3118 multo
459 3049 621 3122 comitatu
635 3047 783 3120 adducta
795 3059 848 3118 est
866 3048 1038 3137 eiusfilia,
1062 3073 1149 3148 quac
1168 3073 1271 3120 roseo
1289 3046 1386 3121 vultu

324 3163 461 3260 perlusa
488 3168 624 3253 rubore,
648 3167 770 3240 tradita
796 3177 848 3238 est
864 3190 927 3263 per
951 3195 1070 3242 manus
1090 3171 1195 3267 patris
1214 3171 1249 3241 in
1263 3197 1387 3254 manus
1429 3225 1430 3260 ι

324 3284 492 3390 praedicti
520 3283 704 3370 Einhardi,
744 3307 820 3355 cum
855 3284 937 3366 dote
968 3288 1126 3385 plurima,
1165 3280 1386 3386 praediorum

210 3385 222 3469 ¹,
326 3423 464 3501 quoque
486 3405 735 3486 nonnullorum,
758 3425 834 3474 cum
856 3406 1039 3480 innumeris
1060 3411 1169 3482 aureis
1193 3413 1387 3504 argenteis-

325 3544 393 3617 que
417 3521 574 3612 donariis,
598 3524 741 3620 aliisque
770 3526 931 3620 pretiosis
956 3526 1252 3624 suppellectilibus
1271 3529 1320 3623 ²).
1427 3525 1428 3532 ’

279 3664 479 3678 m

336 3717 366 3790 ¹)
391 3715 495 3777 Ueber
526 3719 575 3778 das
600 3720 719 3798 Tragen
746 3718 795 3780 des
821 3719 1003 3790 Geliebten
1012 3743 1034 3782 s.
1064 3722 1113 3781 das
1139 3719 1200 3782 Lm·
1228 3720 1279 3782 des
1303 3723 1386 3786 deux
1428 3765 1429 3798 ι

273 3809 390 3870 Amans
408 3831 468 3871 ron
488 3811 644 3874 Marionis
662 3811 830 3890 Franco,
821 3837 852 3874 ιιι
879 3817 932 3876 der
950 3815 1088 3899 Ausgabe
1109 3817 1162 3876 der
1181 3816 1302 3878 Poesies
1322 3840 1384 3880 von
1428 3805 1429 3815 ἵ

272 3903 451 3986 Ropncson.
472 3908 575 3968 votl.
601 3913 708 3989 pate
720 3907 753 3968 ff.
801 3909 885 3970 Auch
911 3911 958 3971 die
978 3911 1099 3972 Frmoeo
1123 3932 1177 3970 υοιι
1203 3909 1385 3992 Wetooberg

214 4065 226 4084 ·
274 4000 392 4061 diirlten
413 4002 466 4062 der
482 4001 571 4084 Sage,
590 4003 673 4064 nicht
692 4005 745 4064 der
764 4003 943 4067 Gesclriclrte
965 4004 1174 4067 Conradffislll
1195 4010 1385 4090 angehoren,

272 4095 333 4156 nod
352 4117 410 4156 nur
428 4097 481 4157 der
499 4097 592 4158 Name
612 4099 721 4158 desim
740 4099 831 4160 Jahre
844 4108 920 4167 1140
939 4101 1111 4186 belagerten
1125 4100 1276 4166 Scblosses
1295 4105 1385 4168 Wei-
1427 4177 1428 4184 ἵ

271 4183 382 4260 lenm
393 4189 535 4253 oberhalb
546 4191 728 4276 Weinsberg
738 4194 838 4254 hierzu
849 4196 1066 4279 Veranlassnng
1076 4198 1223 4287 gegeben
1224 4219 1260 4258 au
1271 4198 1384 4261 haben.
1427 4207 1428 4245 ¹

248 4281 254 4294 ’
333 4284 416 4360 >s
441 4285 576 4363 rupea,
606 4285 716 4349 noae
740 4287 1058 4366 ambuans
1079 4291 1119 4352 ιι
1139 4297 1184 4358 ιι
1228 4292 1384 4374 osma,

267 4371 883 4465 werramusclamans„11...1‚aar
916 4385 1099 4464 rupuar
1142 4355 1271 4463 osm‘,
1299 4389 1383 4450 aaut
