<?xml version="1.0" encoding="UTF-8"?>
<!DOCTYPE html PUBLIC "-//W3C//DTD XHTML 1.0 Transitional//EN"
    "http://www.w3.org/TR/xhtml1/DTD/xhtml1-transitional.dtd">
<html xmlns="http://www.w3.org/1999/xhtml" xml:lang="en" lang="en">
 <head>
  <title>
</title>
<meta http-equiv="Content-Type" content="text/html;charset=utf-8" />
  <meta name='ocr-system' content='tesseract 3.04.00' />
  <meta name='ocr-capabilities' content='ocr_page ocr_carea ocr_par ocr_line ocrx_word'/>
</head>
<body>
  <div class='ocr_page' id='page_1' title='image "./lebenundwandelk01egingoog_0209.png"; bbox 0 0 2832 5088; ppageno 0'>
   <div class='ocr_carea' id='block_1_1' title="bbox 540 441 627 527">
    <p class='ocr_par' dir='ltr' id='par_1_1' title="bbox 540 441 627 527">
     <span class='ocr_line' id='line_1_1' title="bbox 540 441 627 527; baseline 0.023 -19"><span class='ocrx_word' id='word_1_1' title='bbox 540 441 627 527; x_wconf 63' lang='grc'><strong>185</strong></span> 
     </span>
    </p>
   </div>
   <div class='ocr_carea' id='block_1_2' title="bbox 59 589 1139 989">
    <p class='ocr_par' dir='ltr' id='par_1_2' title="bbox 59 589 1139 989">
     <span class='ocr_line' id='line_1_2' title="bbox 59 589 1137 692; baseline 0.001 -19"><span class='ocrx_word' id='word_1_2' title='bbox 59 611 187 692; x_wconf 85' lang='lat' dir='ltr'><strong>¹ceptis,</strong></span> <span class='ocrx_word' id='word_1_3' title='bbox 219 610 327 674; x_wconf 87' lang='lat' dir='ltr'><strong>endem</strong></span> <span class='ocrx_word' id='word_1_4' title='bbox 347 609 398 670; x_wconf 83' lang='lat' dir='ltr'><strong>via</strong></span> <span class='ocrx_word' id='word_1_5' title='bbox 420 629 481 692; x_wconf 89' lang='lat' dir='ltr'><strong>qna</strong></span> <span class='ocrx_word' id='word_1_6' title='bbox 504 617 634 672; x_wconf 84' lang='lat' dir='ltr'><strong>venerat</strong></span> <span class='ocrx_word' id='word_1_7' title='bbox 654 605 694 667; x_wconf 89' lang='lat' dir='ltr'><strong>ad</strong></span> <span class='ocrx_word' id='word_1_8' title='bbox 716 605 819 668; x_wconf 80' lang='lat' dir='ltr'><strong>Albim</strong></span> <span class='ocrx_word' id='word_1_9' title='bbox 839 589 993 688; x_wconf 82' lang='lat' dir='ltr'><strong>regressus</strong></span> <span class='ocrx_word' id='word_1_10' title='bbox 1015 618 1075 682; x_wconf 87' lang='lat' dir='ltr'><strong>est,</strong></span> <span class='ocrx_word' id='word_1_11' title='bbox 1104 620 1137 674; x_wconf 88' lang='lat' dir='ltr'><strong>et</strong></span> 
     </span>
     <span class='ocr_line' id='line_1_3' title="bbox 76 707 1136 796; baseline 0.002 -22"><span class='ocrx_word' id='word_1_12' title='bbox 76 713 211 774; x_wconf 83' lang='lat' dir='ltr'><strong>exercitu</strong></span> <span class='ocrx_word' id='word_1_13' title='bbox 235 732 294 792; x_wconf 87' lang='lat' dir='ltr'><strong>per</strong></span> <span class='ocrx_word' id='word_1_14' title='bbox 319 719 448 792; x_wconf 88' lang='lat' dir='ltr'><strong>pontem</strong></span> <span class='ocrx_word' id='word_1_15' title='bbox 483 709 631 788; x_wconf 87' lang='lat' dir='ltr'><strong>reducto,</strong></span> <span class='ocrx_word' id='word_1_16' title='bbox 665 708 759 796; x_wconf 76' lang='lat' dir='ltr'><strong>relius</strong></span> <span class='ocrx_word' id='word_1_17' title='bbox 786 727 909 792; x_wconf 88' lang='lat' dir='ltr'><strong>quoqne</strong></span> <span class='ocrx_word' id='word_1_18' title='bbox 939 707 978 767; x_wconf 84' lang='lat' dir='ltr'><strong>ad</strong></span> <span class='ocrx_word' id='word_1_19' title='bbox 1004 709 1136 775; x_wconf 86' lang='lat' dir='ltr'><strong>Saxones</strong></span> 
     </span>
     <span class='ocr_line' id='line_1_4' title="bbox 74 797 1137 896; baseline 0 -21"><span class='ocrx_word' id='word_1_20' title='bbox 74 811 301 896; x_wconf 83' lang='lat' dir='ltr'><strong>pertinentibus</strong></span> <span class='ocrx_word' id='word_1_21' title='bbox 324 811 493 878; x_wconf 81' lang='lat' dir='ltr'><strong>secundnm</strong></span> <span class='ocrx_word' id='word_1_22' title='bbox 514 821 635 894; x_wconf 85' lang='lat' dir='ltr'><strong>tempus</strong></span> <span class='ocrx_word' id='word_1_23' title='bbox 658 797 825 890; x_wconf 77' lang='lat' dir='ltr'><strong>dispositis,</strong></span> <span class='ocrx_word' id='word_1_24' title='bbox 847 808 878 868; x_wconf 92' lang='lat' dir='ltr'><strong>in</strong></span> <span class='ocrx_word' id='word_1_25' title='bbox 901 809 1065 872; x_wconf 88' lang='lat' dir='ltr'><strong>Franciam</strong></span> <span class='ocrx_word' id='word_1_26' title='bbox 1085 835 1137 875; x_wconf 86' lang='lat' dir='ltr'><strong>re-</strong></span> 
     </span>
     <span class='ocr_line' id='line_1_5' title="bbox 74 909 1139 989; baseline 0.001 -13"><span class='ocrx_word' id='word_1_27' title='bbox 74 935 181 976; x_wconf 82' lang='lat' dir='ltr'><strong>versus</strong></span> <span class='ocrx_word' id='word_1_28' title='bbox 204 920 264 989; x_wconf 87' lang='lat' dir='ltr'><strong>est,</strong></span> <span class='ocrx_word' id='word_1_29' title='bbox 296 911 380 973; x_wconf 88' lang='lat' dir='ltr'><strong>etin</strong></span> <span class='ocrx_word' id='word_1_30' title='bbox 402 912 585 974; x_wconf 84' lang='lat' dir='ltr'><strong>Wormacia</strong></span> <span class='ocrx_word' id='word_1_31' title='bbox 607 910 731 973; x_wconf 86' lang='lat' dir='ltr'><strong>civitate</strong></span> <span class='ocrx_word' id='word_1_32' title='bbox 754 919 785 988; x_wconf 78' lang='lat' dir='ltr'><strong>et</strong></span> <span class='ocrx_word' id='word_1_33' title='bbox 806 909 938 972; x_wconf 85' lang='lat' dir='ltr'><strong>natalem</strong></span> <span class='ocrx_word' id='word_1_34' title='bbox 958 913 1086 974; x_wconf 86' lang='lat' dir='ltr'><strong>Domini</strong></span> <span class='ocrx_word' id='word_1_35' title='bbox 1107 925 1139 977; x_wconf 86' lang='lat' dir='ltr'><strong>et</strong></span> 
     </span>
    </p>
   </div>
   <div class='ocr_carea' id='block_1_3' title="bbox 38 1011 959 1196">
    <p class='ocr_par' dir='ltr' id='par_1_3' title="bbox 38 1011 959 1196">
     <span class='ocr_line' id='line_1_6' title="bbox 69 1011 644 1092; baseline -0.003 -21"><span class='ocrx_word' id='word_1_36' title='bbox 69 1011 509 1088; x_wconf 76' lang='lat' dir='ltr'><strong>pnschacelebraoit.=</strong></span> <span class='ocrx_word' id='word_1_37' title='bbox 636 1077 644 1092; x_wconf 23' lang='grc' dir='ltr'>κ</span> 
     </span>
     <span class='ocr_line' id='line_1_7' title="bbox 38 1105 959 1196; baseline -0.002 -22"><span class='ocrx_word' id='word_1_38' title='bbox 38 1115 69 1176; x_wconf 89' lang='lat' dir='ltr'><strong>ln</strong></span> <span class='ocrx_word' id='word_1_39' title='bbox 87 1114 149 1176; x_wconf 93' lang='lat' dir='ltr'><strong>den</strong></span> <span class='ocrx_word' id='word_1_40' title='bbox 171 1111 274 1175; x_wconf 75' lang='lat' dir='ltr'><strong>Amal.</strong></span> <span class='ocrx_word' id='word_1_41' title='bbox 297 1110 428 1174; x_wconf 72' lang='lat' dir='ltr'><strong>laurus.</strong></span> <span class='ocrx_word' id='word_1_42' title='bbox 455 1135 486 1196; x_wconf 87' lang='lat' dir='ltr'><strong>p.</strong></span> <span class='ocrx_word' id='word_1_43' title='bbox 509 1114 571 1176; x_wconf 77' lang='lat'><strong>174</strong></span> <span class='ocrx_word' id='word_1_44' title='bbox 591 1112 683 1175; x_wconf 85' lang='lat' dir='ltr'><strong>heilst</strong></span> <span class='ocrx_word' id='word_1_45' title='bbox 705 1135 736 1175; x_wconf 90' lang='lat' dir='ltr'><strong>es</strong></span> <span class='ocrx_word' id='word_1_46' title='bbox 759 1105 856 1174; x_wconf 75' lang='lat' dir='ltr'><strong>noch:</strong></span> <span class='ocrx_word' id='word_1_47' title='bbox 956 1135 959 1143; x_wconf 60' lang='lat'><strong>¹</strong></span> 
     </span>
    </p>
   </div>
   <div class='ocr_carea' id='block_1_4' title="bbox 38 1207 1143 4418">
    <p class='ocr_par' dir='ltr' id='par_1_4' title="bbox 38 1207 1143 1703">
     <span class='ocr_line' id='line_1_8' title="bbox 75 1207 1141 1298; baseline 0.003 -22"><span class='ocrx_word' id='word_1_48' title='bbox 75 1207 218 1276; x_wconf 82' lang='lat' dir='ltr'><strong>Fuerunt</strong></span> <span class='ocrx_word' id='word_1_49' title='bbox 238 1215 331 1276; x_wconf 86' lang='lat' dir='ltr'><strong>etiam</strong></span> <span class='ocrx_word' id='word_1_50' title='bbox 343 1215 426 1276; x_wconf 84' lang='lat' dir='ltr'><strong>Slnvi</strong></span> <span class='ocrx_word' id='word_1_51' title='bbox 447 1236 589 1286; x_wconf 32' lang='lat' dir='ltr'><strong>cumino,</strong></span> <span class='ocrx_word' id='word_1_52' title='bbox 611 1236 745 1298; x_wconf 88' lang='lat' dir='ltr'><strong>qnorum</strong></span> <span class='ocrx_word' id='word_1_53' title='bbox 767 1213 918 1279; x_wconf 76' lang='lat' dir='ltr'><strong>vocabola</strong></span> <span class='ocrx_word' id='word_1_54' title='bbox 939 1222 1010 1274; x_wconf 85' lang='lat' dir='ltr'><strong>sunt</strong></span> <span class='ocrx_word' id='word_1_55' title='bbox 1024 1214 1141 1279; x_wconf 82' lang='lat' dir='ltr'><strong>Seurbi</strong></span> 
     </span>
     <span class='ocr_line' id='line_1_9' title="bbox 76 1309 1143 1402; baseline 0.003 -27"><span class='ocrx_word' id='word_1_56' title='bbox 76 1309 233 1396; x_wconf 87' lang='lat' dir='ltr'><strong>[Sorabi],</strong></span> <span class='ocrx_word' id='word_1_57' title='bbox 242 1335 300 1396; x_wconf 82' lang='lat' dir='ltr'><strong>nec</strong></span> <span class='ocrx_word' id='word_1_58' title='bbox 311 1336 373 1376; x_wconf 92' lang='lat' dir='ltr'><strong>non</strong></span> <span class='ocrx_word' id='word_1_59' title='bbox 387 1326 419 1378; x_wconf 89' lang='lat' dir='ltr'><strong>et</strong></span> <span class='ocrx_word' id='word_1_60' title='bbox 430 1317 575 1394; x_wconf 80' lang='lat' dir='ltr'><strong>Abotriti,</strong></span> <span class='ocrx_word' id='word_1_61' title='bbox 592 1338 726 1399; x_wconf 89' lang='lat' dir='ltr'><strong>qnorum</strong></span> <span class='ocrx_word' id='word_1_62' title='bbox 737 1315 881 1397; x_wconf 85' lang='lat' dir='ltr'><strong>princeps</strong></span> <span class='ocrx_word' id='word_1_63' title='bbox 892 1313 1143 1402; x_wconf 71' lang='lat' dir='ltr'><strong>fuitWitran.‚-</strong></span> 
     </span>
     <span class='ocr_line' id='line_1_10' title="bbox 38 1411 838 1499; baseline 0.001 -26"><span class='ocrx_word' id='word_1_64' title='bbox 38 1411 132 1474; x_wconf 82' lang='lat' dir='ltr'><strong>Poeta</strong></span> <span class='ocrx_word' id='word_1_65' title='bbox 151 1414 244 1486; x_wconf 76' lang='lat' dir='ltr'><strong>Saxo,</strong></span> <span class='ocrx_word' id='word_1_66' title='bbox 266 1437 293 1479; x_wconf 86' lang='lat' dir='ltr'><strong>a.</strong></span> <span class='ocrx_word' id='word_1_67' title='bbox 316 1417 388 1478; x_wconf 81' lang='lat'><strong>789.</strong></span> <span class='ocrx_word' id='word_1_68' title='bbox 430 1416 538 1478; x_wconf 71' lang='lat' dir='ltr'><strong>indict.</strong></span> <span class='ocrx_word' id='word_1_69' title='bbox 559 1419 616 1495; x_wconf 91' lang='lat' dir='ltr'><strong>Xl,</strong></span> <span class='ocrx_word' id='word_1_70' title='bbox 638 1438 668 1499; x_wconf 90' lang='lat' dir='ltr'><strong>p.</strong></span> <span class='ocrx_word' id='word_1_71' title='bbox 691 1417 762 1478; x_wconf 74' lang='lat'>245·</span> <span class='ocrx_word' id='word_1_72' title='bbox 776 1437 838 1498; x_wconf 82' lang='lat' dir='ltr'><strong>sq..:</strong></span> 
     </span>
     <span class='ocr_line' id='line_1_11' title="bbox 53 1516 930 1600; baseline 0.002 -24"><span class='ocrx_word' id='word_1_73' title='bbox 53 1571 55 1576; x_wconf 91' lang='lat'><strong>.</strong></span> <span class='ocrx_word' id='word_1_74' title='bbox 162 1520 245 1580; x_wconf 84' lang='lat' dir='ltr'><strong>Gens</strong></span> <span class='ocrx_word' id='word_1_75' title='bbox 267 1527 313 1579; x_wconf 89' lang='lat' dir='ltr'><strong>est</strong></span> <span class='ocrx_word' id='word_1_76' title='bbox 333 1518 498 1580; x_wconf 79' lang='lat' dir='ltr'><strong>slavorum</strong></span> <span class='ocrx_word' id='word_1_77' title='bbox 517 1519 611 1580; x_wconf 84' lang='lat' dir='ltr'><strong>Wilti</strong></span> <span class='ocrx_word' id='word_1_78' title='bbox 631 1517 815 1600; x_wconf 75' lang='lat' dir='ltr'><strong>cognomine</strong></span> <span class='ocrx_word' id='word_1_79' title='bbox 836 1516 930 1595; x_wconf 90' lang='lat' dir='ltr'><strong>dicta,</strong></span> 
     </span>
     <span class='ocr_line' id='line_1_12' title="bbox 161 1599 1011 1703; baseline -0.001 -22"><span class='ocrx_word' id='word_1_80' title='bbox 161 1599 306 1681; x_wconf 74' lang='lat' dir='ltr'><strong>Proxinda</strong></span> <span class='ocrx_word' id='word_1_81' title='bbox 326 1619 470 1680; x_wconf 86' lang='lat' dir='ltr'><strong>litoribus</strong></span> <span class='ocrx_word' id='word_1_82' title='bbox 491 1629 571 1703; x_wconf 84' lang='lat' dir='ltr'><strong>qnae</strong></span> <span class='ocrx_word' id='word_1_83' title='bbox 591 1617 731 1700; x_wconf 83' lang='lat' dir='ltr'><strong>possidet</strong></span> <span class='ocrx_word' id='word_1_84' title='bbox 752 1639 826 1679; x_wconf 79' lang='lat' dir='ltr'><strong>arvo</strong></span> <span class='ocrx_word' id='word_1_85' title='bbox 848 1611 1011 1700; x_wconf 66' lang='lat' dir='ltr'><strong>supremis,</strong></span> 
     </span>
    </p>

    <p class='ocr_par' dir='ltr' id='par_1_5' title="bbox 134 1717 972 1802">
     <span class='ocr_line' id='line_1_13' title="bbox 134 1717 972 1802; baseline 0.001 -22"><span class='ocrx_word' id='word_1_86' title='bbox 134 1746 137 1756; x_wconf 56' lang='grc'>’</span> <span class='ocrx_word' id='word_1_87' title='bbox 163 1719 266 1799; x_wconf 85' lang='lat' dir='ltr'><strong>longit</strong></span> <span class='ocrx_word' id='word_1_88' title='bbox 286 1717 343 1779; x_wconf 91' lang='lat' dir='ltr'><strong>ubi</strong></span> <span class='ocrx_word' id='word_1_89' title='bbox 364 1719 507 1780; x_wconf 81' lang='lat' dir='ltr'><strong>Oceanus</strong></span> <span class='ocrx_word' id='word_1_90' title='bbox 528 1719 674 1802; x_wconf 87' lang='lat' dir='ltr'><strong>proprios</strong></span> <span class='ocrx_word' id='word_1_91' title='bbox 698 1719 864 1780; x_wconf 87' lang='lat' dir='ltr'><strong>Germania</strong></span> <span class='ocrx_word' id='word_1_92' title='bbox 886 1721 972 1781; x_wconf 83' lang='lat' dir='ltr'><strong>lines.</strong></span> 
     </span>
    </p>

    <p class='ocr_par' dir='ltr' id='par_1_6' title="bbox 38 1819 1111 2205">
     <span class='ocr_line' id='line_1_14' title="bbox 164 1819 1031 1899; baseline 0.007 -21"><span class='ocrx_word' id='word_1_93' title='bbox 164 1819 251 1880; x_wconf 77' lang='lat' dir='ltr'><strong>Haec</strong></span> <span class='ocrx_word' id='word_1_94' title='bbox 272 1819 399 1880; x_wconf 74' lang='lat' dir='ltr'><strong>Francis</strong></span> <span class='ocrx_word' id='word_1_95' title='bbox 420 1819 545 1880; x_wconf 84' lang='lat' dir='ltr'><strong>inimica</strong></span> <span class='ocrx_word' id='word_1_96' title='bbox 566 1819 654 1880; x_wconf 88' lang='lat' dir='ltr'><strong>nimis</strong></span> <span class='ocrx_word' id='word_1_97' title='bbox 677 1839 749 1879; x_wconf 87' lang='lat' dir='ltr'><strong>eum</strong></span> <span class='ocrx_word' id='word_1_98' title='bbox 769 1829 912 1899; x_wconf 83' lang='lat' dir='ltr'><strong>tempore</strong></span> <span class='ocrx_word' id='word_1_99' title='bbox 933 1821 1031 1884; x_wconf 82' lang='lat' dir='ltr'><strong>multo</strong></span> 
     </span>
     <span class='ocr_line' id='line_1_15' title="bbox 103 1915 936 1996; baseline -0.001 -16"><span class='ocrx_word' id='word_1_100' title='bbox 103 1915 105 1919; x_wconf 68' lang='grc'>’</span> <span class='ocrx_word' id='word_1_101' title='bbox 163 1917 263 1988; x_wconf 83' lang='lat' dir='ltr'><strong>Esset,</strong></span> <span class='ocrx_word' id='word_1_102' title='bbox 285 1917 328 1980; x_wconf 86' lang='lat' dir='ltr'><strong>eis</strong></span> <span class='ocrx_word' id='word_1_103' title='bbox 349 1919 398 1980; x_wconf 88' lang='lat' dir='ltr'><strong>vel</strong></span> <span class='ocrx_word' id='word_1_104' title='bbox 420 1919 573 1982; x_wconf 88' lang='lat' dir='ltr'><strong>subiectos</strong></span> <span class='ocrx_word' id='word_1_105' title='bbox 594 1919 644 1980; x_wconf 79' lang='lat' dir='ltr'><strong>rel</strong></span> <span class='ocrx_word' id='word_1_106' title='bbox 665 1918 792 1996; x_wconf 77' lang='lat' dir='ltr'><strong>foedere</strong></span> <span class='ocrx_word' id='word_1_107' title='bbox 814 1918 936 1980; x_wconf 85' lang='lat' dir='ltr'><strong>iunctos</strong></span> 
     </span>
     <span class='ocr_line' id='line_1_16' title="bbox 38 2018 1111 2107; baseline 0 -27"><span class='ocrx_word' id='word_1_108' title='bbox 38 2029 43 2040; x_wconf 88' lang='lat'>&#39;</span> <span class='ocrx_word' id='word_1_109' title='bbox 166 2019 330 2080; x_wconf 82' lang='lat' dir='ltr'><strong>Slevornm</strong></span> <span class='ocrx_word' id='word_1_110' title='bbox 350 2019 482 2101; x_wconf 86' lang='lat' dir='ltr'><strong>populos</strong></span> <span class='ocrx_word' id='word_1_111' title='bbox 504 2020 628 2082; x_wconf 74' lang='lat' dir='ltr'><strong>sibinet</strong></span> <span class='ocrx_word' id='word_1_112' title='bbox 648 2020 776 2102; x_wconf 84' lang='lat' dir='ltr'><strong>regione</strong></span> <span class='ocrx_word' id='word_1_113' title='bbox 797 2018 989 2101; x_wconf 84' lang='lat' dir='ltr'><strong>propinquos</strong></span> <span class='ocrx_word' id='word_1_114' title='bbox 1104 2095 1111 2107; x_wconf 72' lang='lat'><strong>.</strong></span> 
     </span>
     <span class='ocr_line' id='line_1_17' title="bbox 167 2119 996 2205; baseline 0.002 -25"><span class='ocrx_word' id='word_1_115' title='bbox 167 2121 323 2181; x_wconf 84' lang='lat' dir='ltr'><strong>Insectans</strong></span> <span class='ocrx_word' id='word_1_116' title='bbox 346 2120 440 2191; x_wconf 84' lang='lat' dir='ltr'><strong>odiis,</strong></span> <span class='ocrx_word' id='word_1_117' title='bbox 460 2119 544 2181; x_wconf 88' lang='lat' dir='ltr'><strong>bello</strong></span> <span class='ocrx_word' id='word_1_118' title='bbox 566 2143 690 2205; x_wconf 86' lang='lat' dir='ltr'><strong>quoque</strong></span> <span class='ocrx_word' id='word_1_119' title='bbox 712 2141 802 2202; x_wconf 87' lang='lat' dir='ltr'><strong>saepe</strong></span> <span class='ocrx_word' id='word_1_120' title='bbox 823 2119 996 2203; x_wconf 86' lang='lat' dir='ltr'><strong>premebat.</strong></span> 
     </span>
    </p>

    <p class='ocr_par' dir='ltr' id='par_1_7' title="bbox 133 2219 1054 2602">
     <span class='ocr_line' id='line_1_18' title="bbox 133 2219 1054 2300; baseline 0 -20"><span class='ocrx_word' id='word_1_121' title='bbox 133 2273 136 2286; x_wconf 88' lang='grc'><strong>,</strong></span> <span class='ocrx_word' id='word_1_122' title='bbox 166 2219 230 2280; x_wconf 88' lang='lat' dir='ltr'><strong>Nec</strong></span> <span class='ocrx_word' id='word_1_123' title='bbox 251 2219 355 2300; x_wconf 82' lang='lat' dir='ltr'><strong>potnit</strong></span> <span class='ocrx_word' id='word_1_124' title='bbox 374 2220 509 2280; x_wconf 85' lang='lat' dir='ltr'><strong>tolerare</strong></span> <span class='ocrx_word' id='word_1_125' title='bbox 532 2220 586 2280; x_wconf 88' lang='lat' dir='ltr'><strong>diu</strong></span> <span class='ocrx_word' id='word_1_126' title='bbox 606 2221 668 2283; x_wconf 88' lang='lat' dir='ltr'><strong>hoc</strong></span> <span class='ocrx_word' id='word_1_127' title='bbox 690 2221 812 2283; x_wconf 89' lang='lat' dir='ltr'><strong>inclitus</strong></span> <span class='ocrx_word' id='word_1_128' title='bbox 835 2219 957 2292; x_wconf 86' lang='lat' dir='ltr'><strong>archos,</strong></span> <span class='ocrx_word' id='word_1_129' title='bbox 1048 2261 1054 2280; x_wconf 92' lang='lat'><strong>.</strong></span> 
     </span>
     <span class='ocr_line' id='line_1_19' title="bbox 168 2317 936 2401; baseline -0.003 -21"><span class='ocrx_word' id='word_1_130' title='bbox 168 2318 231 2380; x_wconf 88' lang='lat' dir='ltr'><strong>Sed</strong></span> <span class='ocrx_word' id='word_1_131' title='bbox 252 2317 380 2400; x_wconf 68' lang='lat' dir='ltr'><strong>populis*</strong></span> <span class='ocrx_word' id='word_1_132' title='bbox 396 2339 501 2379; x_wconf 89' lang='lat' dir='ltr'><strong>secum</strong></span> <span class='ocrx_word' id='word_1_133' title='bbox 522 2320 613 2380; x_wconf 79' lang='lat' dir='ltr'><strong>variis</strong></span> <span class='ocrx_word' id='word_1_134' title='bbox 634 2320 818 2401; x_wconf 80' lang='lat' dir='ltr'><strong>legioneque</strong></span> <span class='ocrx_word' id='word_1_135' title='bbox 839 2321 936 2380; x_wconf 86' lang='lat' dir='ltr'><strong>multa</strong></span> 
     </span>
     <span class='ocr_line' id='line_1_20' title="bbox 168 2419 986 2501; baseline -0.002 -19"><span class='ocrx_word' id='word_1_136' title='bbox 168 2423 319 2490; x_wconf 83' lang='lat' dir='ltr'><strong>Assumtn,</strong></span> <span class='ocrx_word' id='word_1_137' title='bbox 340 2428 464 2501; x_wconf 79' lang='lat' dir='ltr'><strong>gentem</strong></span> <span class='ocrx_word' id='word_1_138' title='bbox 486 2419 604 2480; x_wconf 83' lang='lat' dir='ltr'><strong>studuit</strong></span> <span class='ocrx_word' id='word_1_139' title='bbox 623 2428 789 2500; x_wconf 79' lang='lat' dir='ltr'><strong>penetrare</strong></span> <span class='ocrx_word' id='word_1_140' title='bbox 809 2440 986 2500; x_wconf 81' lang='lat' dir='ltr'><strong>procacem.</strong></span> 
     </span>
     <span class='ocr_line' id='line_1_21' title="bbox 170 2518 909 2602; baseline -0.003 -20"><span class='ocrx_word' id='word_1_141' title='bbox 170 2521 228 2582; x_wconf 86' lang='lat' dir='ltr'><strong>Cui</strong></span> <span class='ocrx_word' id='word_1_142' title='bbox 248 2541 306 2602; x_wconf 89' lang='lat' dir='ltr'><strong>per</strong></span> <span class='ocrx_word' id='word_1_143' title='bbox 327 2521 482 2584; x_wconf 84' lang='lat' dir='ltr'><strong>Saxonum</strong></span> <span class='ocrx_word' id='word_1_144' title='bbox 502 2530 600 2582; x_wconf 83' lang='lat' dir='ltr'><strong>terras</strong></span> <span class='ocrx_word' id='word_1_145' title='bbox 623 2521 683 2581; x_wconf 90' lang='lat' dir='ltr'><strong>iter</strong></span> <span class='ocrx_word' id='word_1_146' title='bbox 702 2518 784 2580; x_wconf 86' lang='lat' dir='ltr'><strong>istud</strong></span> <span class='ocrx_word' id='word_1_147' title='bbox 806 2521 909 2600; x_wconf 89' lang='lat' dir='ltr'><strong>ngenti</strong></span> 
     </span>
    </p>

    <p class='ocr_par' dir='ltr' id='par_1_8' title="bbox 142 2615 890 2806">
     <span class='ocr_line' id='line_1_22' title="bbox 142 2615 881 2685; baseline -0.004 -2"><span class='ocrx_word' id='word_1_148' title='bbox 142 2638 150 2643; x_wconf 82' lang='lat'><strong>·</strong></span> <span class='ocrx_word' id='word_1_149' title='bbox 171 2615 262 2683; x_wconf 74' lang='lat' dir='ltr'><strong>&#39;Albia</strong></span> <span class='ocrx_word' id='word_1_150' title='bbox 280 2623 480 2685; x_wconf 83' lang='lat' dir='ltr'><strong>traiiciendns</strong></span> <span class='ocrx_word' id='word_1_151' title='bbox 502 2631 570 2684; x_wconf 90' lang='lat' dir='ltr'><strong>erat</strong></span> <span class='ocrx_word' id='word_1_152' title='bbox 589 2621 751 2682; x_wconf 88' lang='lat' dir='ltr'><strong>latissimus</strong></span> <span class='ocrx_word' id='word_1_153' title='bbox 773 2621 881 2681; x_wconf 88' lang='lat' dir='ltr'><strong>amnis.</strong></span> 
     </span>
     <span class='ocr_line' id='line_1_23' title="bbox 173 2720 890 2806; baseline -0.001 -24"><span class='ocrx_word' id='word_1_154' title='bbox 173 2721 240 2784; x_wconf 90' lang='lat' dir='ltr'><strong>lllic</strong></span> <span class='ocrx_word' id='word_1_155' title='bbox 260 2723 453 2802; x_wconf 89' lang='lat' dir='ltr'><strong>immensum,</strong></span> <span class='ocrx_word' id='word_1_156' title='bbox 469 2724 581 2806; x_wconf 80' lang='lat' dir='ltr'><strong>-positis</strong></span> <span class='ocrx_word' id='word_1_157' title='bbox 604 2723 635 2784; x_wconf 90' lang='lat' dir='ltr'><strong>in</strong></span> <span class='ocrx_word' id='word_1_158' title='bbox 657 2721 749 2784; x_wconf 83' lang='lat' dir='ltr'><strong>litore</strong></span> <span class='ocrx_word' id='word_1_159' title='bbox 772 2720 890 2799; x_wconf 83' lang='lat' dir='ltr'><strong>cestris,</strong></span> 
     </span>
    </p>

    <p class='ocr_par' dir='ltr' id='par_1_9' title="bbox 171 2821 1052 3208">
     <span class='ocr_line' id='line_1_24' title="bbox 171 2821 973 2906; baseline -0.002 -20"><span class='ocrx_word' id='word_1_160' title='bbox 171 2821 229 2886; x_wconf 81' lang='lat' dir='ltr'><strong>Est</strong></span> <span class='ocrx_word' id='word_1_161' title='bbox 250 2845 326 2906; x_wconf 85' lang='lat' dir='ltr'><strong>opus</strong></span> <span class='ocrx_word' id='word_1_162' title='bbox 349 2845 516 2906; x_wconf 87' lang='lat' dir='ltr'><strong>aggressus,</strong></span> <span class='ocrx_word' id='word_1_163' title='bbox 539 2823 634 2884; x_wconf 86' lang='lat' dir='ltr'><strong>celeri</strong></span> <span class='ocrx_word' id='word_1_164' title='bbox 654 2821 738 2904; x_wconf 89' lang='lat' dir='ltr'><strong>qnod</strong></span> <span class='ocrx_word' id='word_1_165' title='bbox 761 2823 822 2884; x_wconf 83' lang='lat' dir='ltr'><strong>fine</strong></span> <span class='ocrx_word' id='word_1_166' title='bbox 843 2822 973 2906; x_wconf 84' lang='lat' dir='ltr'><strong>peregit.</strong></span> 
     </span>
     <span class='ocr_line' id='line_1_25' title="bbox 171 2913 1052 3006; baseline -0.003 -20"><span class='ocrx_word' id='word_1_167' title='bbox 171 2924 250 2986; x_wconf 85' lang='lat' dir='ltr'><strong>Nam</strong></span> <span class='ocrx_word' id='word_1_168' title='bbox 271 2924 394 3006; x_wconf 84' lang='lat' dir='ltr'><strong>gemino</strong></span> <span class='ocrx_word' id='word_1_169' title='bbox 416 2921 524 2985; x_wconf 78' lang='lat' dir='ltr'><strong>stravit</strong></span> <span class='ocrx_word' id='word_1_170' title='bbox 545 2945 637 3006; x_wconf 87' lang='lat' dir='ltr'><strong>qnam</strong></span> <span class='ocrx_word' id='word_1_171' title='bbox 658 2923 787 2984; x_wconf 81' lang='lat' dir='ltr'><strong>maxima</strong></span> <span class='ocrx_word' id='word_1_172' title='bbox 806 2933 903 3004; x_wconf 86' lang='lat' dir='ltr'><strong>ponte</strong></span> <span class='ocrx_word' id='word_1_173' title='bbox 923 2913 1052 2994; x_wconf 78' lang='lat' dir='ltr'><strong>lluenla,</strong></span> 
     </span>
     <span class='ocr_line' id='line_1_26' title="bbox 174 3023 936 3112; baseline -0.004 -26"><span class='ocrx_word' id='word_1_174' title='bbox 174 3023 218 3086; x_wconf 86' lang='lat' dir='ltr'><strong>Et</strong></span> <span class='ocrx_word' id='word_1_175' title='bbox 238 3032 332 3108; x_wconf 86' lang='lat' dir='ltr'><strong>caput</strong></span> <span class='ocrx_word' id='word_1_176' title='bbox 352 3024 446 3105; x_wconf 83' lang='lat' dir='ltr'><strong>ipsius</strong></span> <span class='ocrx_word' id='word_1_177' title='bbox 468 3025 548 3088; x_wconf 89' lang='lat' dir='ltr'><strong>vallo</strong></span> <span class='ocrx_word' id='word_1_178' title='bbox 570 3024 702 3086; x_wconf 87' lang='lat' dir='ltr'><strong>munivit</strong></span> <span class='ocrx_word' id='word_1_179' title='bbox 723 3033 899 3106; x_wconf 86' lang='lat' dir='ltr'><strong>utrumqne,</strong></span> <span class='ocrx_word' id='word_1_180' title='bbox 927 3099 936 3112; x_wconf 81' lang='lat'><strong>.</strong></span> 
     </span>
     <span class='ocr_line' id='line_1_27' title="bbox 175 3124 948 3208; baseline -0.005 -22"><span class='ocrx_word' id='word_1_181' title='bbox 175 3127 341 3208; x_wconf 82' lang='lat' dir='ltr'><strong>imponens</strong></span> <span class='ocrx_word' id='word_1_182' title='bbox 363 3134 396 3185; x_wconf 91' lang='lat' dir='ltr'><strong>et</strong></span> <span class='ocrx_word' id='word_1_183' title='bbox 416 3124 619 3206; x_wconf 88' lang='lat' dir='ltr'><strong>praesidium,</strong></span> <span class='ocrx_word' id='word_1_184' title='bbox 641 3145 681 3186; x_wconf 90' lang='lat' dir='ltr'><strong>ne</strong></span> <span class='ocrx_word' id='word_1_185' title='bbox 704 3125 786 3185; x_wconf 86' lang='lat' dir='ltr'><strong>forte</strong></span> <span class='ocrx_word' id='word_1_186' title='bbox 808 3143 948 3206; x_wconf 86' lang='lat' dir='ltr'><strong>regresso</strong></span> 
     </span>
    </p>

    <p class='ocr_par' dir='ltr' id='par_1_10' title="bbox 174 3223 1050 3408">
     <span class='ocr_line' id='line_1_28' title="bbox 175 3223 1050 3308; baseline -0.007 -22"><span class='ocrx_word' id='word_1_187' title='bbox 175 3227 252 3303; x_wconf 87' lang='lat' dir='ltr'><strong>Quis</strong></span> <span class='ocrx_word' id='word_1_188' title='bbox 273 3224 443 3308; x_wconf 85' lang='lat' dir='ltr'><strong>prohibere</strong></span> <span class='ocrx_word' id='word_1_189' title='bbox 466 3227 546 3287; x_wconf 86' lang='lat' dir='ltr'><strong>viam</strong></span> <span class='ocrx_word' id='word_1_190' title='bbox 567 3247 660 3307; x_wconf 88' lang='lat' dir='ltr'><strong>super</strong></span> <span class='ocrx_word' id='word_1_191' title='bbox 681 3225 743 3287; x_wconf 92' lang='lat' dir='ltr'><strong>alto</strong></span> <span class='ocrx_word' id='word_1_192' title='bbox 765 3223 892 3286; x_wconf 84' lang='lat' dir='ltr'><strong>flumine</strong></span> <span class='ocrx_word' id='word_1_193' title='bbox 914 3231 1050 3298; x_wconf 85' lang='lat' dir='ltr'><strong>stratam,</strong></span> 
     </span>
     <span class='ocr_line' id='line_1_29' title="bbox 174 3325 909 3408; baseline -0.003 -21"><span class='ocrx_word' id='word_1_194' title='bbox 174 3327 347 3408; x_wconf 87' lang='lat' dir='ltr'><strong>Lignorum</strong></span> <span class='ocrx_word' id='word_1_195' title='bbox 368 3335 460 3408; x_wconf 87' lang='lat' dir='ltr'><strong>rupta</strong></span> <span class='ocrx_word' id='word_1_196' title='bbox 480 3326 581 3408; x_wconf 80' lang='lat' dir='ltr'><strong>fragili</strong></span> <span class='ocrx_word' id='word_1_197' title='bbox 604 3346 761 3408; x_wconf 85' lang='lat' dir='ltr'><strong>compage,</strong></span> <span class='ocrx_word' id='word_1_198' title='bbox 782 3325 909 3387; x_wconf 81' lang='lat' dir='ltr'><strong>valeret.</strong></span> 
     </span>
    </p>

    <p class='ocr_par' dir='ltr' id='par_1_11' title="bbox 176 3425 986 3609">
     <span class='ocr_line' id='line_1_30' title="bbox 176 3425 986 3515; baseline -0.002 -27"><span class='ocrx_word' id='word_1_199' title='bbox 176 3425 257 3488; x_wconf 80' lang='lat' dir='ltr'><strong>Exin</strong></span> <span class='ocrx_word' id='word_1_200' title='bbox 279 3425 449 3486; x_wconf 82' lang='lat' dir='ltr'><strong>Wiltorum</strong></span> <span class='ocrx_word' id='word_1_201' title='bbox 469 3435 569 3488; x_wconf 82' lang='lat' dir='ltr'><strong>terras</strong></span> <span class='ocrx_word' id='word_1_202' title='bbox 590 3425 745 3487; x_wconf 83' lang='lat' dir='ltr'><strong>invaserat</strong></span> <span class='ocrx_word' id='word_1_203' title='bbox 765 3445 857 3487; x_wconf 83' lang='lat' dir='ltr'><strong>omne</strong></span> <span class='ocrx_word' id='word_1_204' title='bbox 984 3502 986 3515; x_wconf 40' lang='grc' dir='ltr'>Ι</span> 
     </span>
     <span class='ocr_line' id='line_1_31' title="bbox 180 3523 986 3609; baseline -0.006 -21"><span class='ocrx_word' id='word_1_205' title='bbox 180 3526 383 3603; x_wconf 84' lang='lat' dir='ltr'><strong>Transmisso,</strong></span> <span class='ocrx_word' id='word_1_206' title='bbox 405 3548 480 3609; x_wconf 86' lang='lat' dir='ltr'><strong>quas</strong></span> <span class='ocrx_word' id='word_1_207' title='bbox 502 3547 573 3588; x_wconf 91' lang='lat' dir='ltr'><strong>cnm</strong></span> <span class='ocrx_word' id='word_1_208' title='bbox 594 3526 680 3586; x_wconf 87' lang='lat' dir='ltr'><strong>ferro</strong></span> <span class='ocrx_word' id='word_1_209' title='bbox 702 3533 837 3587; x_wconf 85' lang='lat' dir='ltr'><strong>vastaret</strong></span> <span class='ocrx_word' id='word_1_210' title='bbox 859 3534 890 3586; x_wconf 91' lang='lat' dir='ltr'><strong>et</strong></span> <span class='ocrx_word' id='word_1_211' title='bbox 910 3523 986 3607; x_wconf 89' lang='lat' dir='ltr'><strong>igni,</strong></span> 
     </span>
    </p>

    <p class='ocr_par' dir='ltr' id='par_1_12' title="bbox 138 3625 1049 4418">
     <span class='ocr_line' id='line_1_32' title="bbox 138 3625 978 3690; baseline -0.006 -1"><span class='ocrx_word' id='word_1_212' title='bbox 138 3682 140 3689; x_wconf 80' lang='grc'>,</span> <span class='ocrx_word' id='word_1_213' title='bbox 179 3625 386 3690; x_wconf 86' lang='lat' dir='ltr'><strong>Barbaricum</strong></span> <span class='ocrx_word' id='word_1_214' title='bbox 407 3627 508 3690; x_wconf 89' lang='lat' dir='ltr'><strong>subito</strong></span> <span class='ocrx_word' id='word_1_215' title='bbox 529 3627 649 3688; x_wconf 87' lang='lat' dir='ltr'><strong>domuit</strong></span> <span class='ocrx_word' id='word_1_216' title='bbox 669 3635 792 3687; x_wconf 86' lang='lat' dir='ltr'><strong>terrore</strong></span> <span class='ocrx_word' id='word_1_217' title='bbox 813 3636 978 3688; x_wconf 86' lang='lat' dir='ltr'><strong>tumorem.</strong></span> 
     </span>
     <span class='ocr_line' id='line_1_33' title="bbox 179 3726 1002 3810; baseline -0.006 -20"><span class='ocrx_word' id='word_1_218' title='bbox 179 3727 324 3810; x_wconf 88' lang='lat' dir='ltr'><strong>Denique</strong></span> <span class='ocrx_word' id='word_1_219' title='bbox 344 3728 537 3790; x_wconf 84' lang='lat' dir='ltr'><strong>Francorum</strong></span> <span class='ocrx_word' id='word_1_220' title='bbox 557 3727 660 3788; x_wconf 87' lang='lat' dir='ltr'><strong>multis</strong></span> <span class='ocrx_word' id='word_1_221' title='bbox 683 3726 737 3787; x_wconf 90' lang='lat' dir='ltr'><strong>ubi</strong></span> <span class='ocrx_word' id='word_1_222' title='bbox 759 3735 859 3790; x_wconf 89' lang='lat' dir='ltr'><strong>castra</strong></span> <span class='ocrx_word' id='word_1_223' title='bbox 885 3726 1002 3786; x_wconf 82' lang='lat' dir='ltr'><strong>referta</strong></span> 
     </span>
     <span class='ocr_line' id='line_1_34' title="bbox 180 3825 992 3910; baseline -0.006 -19"><span class='ocrx_word' id='word_1_224' title='bbox 180 3827 383 3910; x_wconf 86' lang='lat' dir='ltr'><strong>Conspiciunt</strong></span> <span class='ocrx_word' id='word_1_225' title='bbox 403 3828 524 3910; x_wconf 88' lang='lat' dir='ltr'><strong>populis</strong></span> <span class='ocrx_word' id='word_1_226' title='bbox 546 3827 647 3905; x_wconf 83' lang='lat' dir='ltr'><strong>wilti,</strong></span> <span class='ocrx_word' id='word_1_227' title='bbox 667 3827 832 3889; x_wconf 82' lang='lat' dir='ltr'><strong>fortissima</strong></span> <span class='ocrx_word' id='word_1_228' title='bbox 854 3825 992 3908; x_wconf 84' lang='lat' dir='ltr'><strong>quumvis</strong></span> 
     </span>
     <span class='ocr_line' id='line_1_35' title="bbox 184 3925 1014 4009; baseline -0.007 -19"><span class='ocrx_word' id='word_1_229' title='bbox 184 3931 268 3990; x_wconf 88' lang='lat' dir='ltr'><strong>Gens</strong></span> <span class='ocrx_word' id='word_1_230' title='bbox 289 3929 372 3990; x_wconf 84' lang='lat' dir='ltr'><strong>foret</strong></span> <span class='ocrx_word' id='word_1_231' title='bbox 393 3938 425 3989; x_wconf 91' lang='lat' dir='ltr'><strong>et</strong></span> <span class='ocrx_word' id='word_1_232' title='bbox 446 3949 575 3990; x_wconf 88' lang='lat' dir='ltr'><strong>numero</strong></span> <span class='ocrx_word' id='word_1_233' title='bbox 597 3927 725 4009; x_wconf 92' lang='lat' dir='ltr'><strong>pollens,</strong></span> <span class='ocrx_word' id='word_1_234' title='bbox 749 3927 919 3989; x_wconf 84' lang='lat' dir='ltr'><strong>certamina</strong></span> <span class='ocrx_word' id='word_1_235' title='bbox 939 3925 1014 3988; x_wconf 87' lang='lat' dir='ltr'><strong>belli</strong></span> 
     </span>
     <span class='ocr_line' id='line_1_36' title="bbox 184 4028 915 4111; baseline -0.003 -21"><span class='ocrx_word' id='word_1_236' title='bbox 184 4028 377 4090; x_wconf 87' lang='lat' dir='ltr'><strong>Omnimodis</strong></span> <span class='ocrx_word' id='word_1_237' title='bbox 398 4029 517 4111; x_wconf 83' lang='lat' dir='ltr'><strong>fugiens</strong></span> <span class='ocrx_word' id='word_1_238' title='bbox 539 4050 571 4090; x_wconf 88' lang='lat' dir='ltr'><strong>se</strong></span> <span class='ocrx_word' id='word_1_239' title='bbox 593 4028 712 4090; x_wconf 87' lang='lat' dir='ltr'><strong>dedidit</strong></span> <span class='ocrx_word' id='word_1_240' title='bbox 732 4028 816 4090; x_wconf 90' lang='lat' dir='ltr'><strong>illico</strong></span> <span class='ocrx_word' id='word_1_241' title='bbox 838 4028 915 4110; x_wconf 90' lang='lat' dir='ltr'><strong>regi,</strong></span> 
     </span>
     <span class='ocr_line' id='line_1_37' title="bbox 187 4129 999 4214; baseline -0.005 -22"><span class='ocrx_word' id='word_1_242' title='bbox 187 4131 340 4214; x_wconf 83' lang='lat' dir='ltr'><strong>imprimis</strong></span> <span class='ocrx_word' id='word_1_243' title='bbox 361 4149 419 4192; x_wconf 83' lang='lat' dir='ltr'><strong>rex</strong></span> <span class='ocrx_word' id='word_1_244' title='bbox 439 4130 618 4213; x_wconf 84' lang='lat' dir='ltr'><strong>Drogawiti,</strong></span> <span class='ocrx_word' id='word_1_245' title='bbox 640 4150 732 4212; x_wconf 86' lang='lat' dir='ltr'><strong>quem</strong></span> <span class='ocrx_word' id='word_1_246' title='bbox 754 4131 858 4194; x_wconf 85' lang='lat' dir='ltr'><strong>nobile</strong></span> <span class='ocrx_word' id='word_1_247' title='bbox 880 4129 999 4190; x_wconf 84' lang='lat' dir='ltr'><strong>clarum</strong></span> 
     </span>
     <span class='ocr_line' id='line_1_38' title="bbox 166 4230 967 4316; baseline -0.005 -24"><span class='ocrx_word' id='word_1_248' title='bbox 166 4230 270 4294; x_wconf 85' lang='lat' dir='ltr'><strong>-Prae</strong></span> <span class='ocrx_word' id='word_1_249' title='bbox 291 4231 417 4316; x_wconf 83' lang='lat' dir='ltr'><strong>reliquis</strong></span> <span class='ocrx_word' id='word_1_250' title='bbox 438 4230 513 4292; x_wconf 80' lang='lat' dir='ltr'><strong>fecit</strong></span> <span class='ocrx_word' id='word_1_251' title='bbox 534 4251 629 4314; x_wconf 88' lang='lat' dir='ltr'><strong>genus</strong></span> <span class='ocrx_word' id='word_1_252' title='bbox 651 4239 683 4294; x_wconf 88' lang='lat' dir='ltr'><strong>et</strong></span> <span class='ocrx_word' id='word_1_253' title='bbox 702 4232 855 4294; x_wconf 88' lang='lat' dir='ltr'><strong>maturior</strong></span> <span class='ocrx_word' id='word_1_254' title='bbox 875 4239 967 4290; x_wconf 80' lang='lat' dir='ltr'><strong>aetas.</strong></span> 
     </span>
     <span class='ocr_line' id='line_1_39' title="bbox 188 4329 1049 4418; baseline -0.005 -22"><span class='ocrx_word' id='word_1_255' title='bbox 188 4329 330 4418; x_wconf 75' lang='lat' dir='ltr'><strong>Namque</strong></span> <span class='ocrx_word' id='word_1_256' title='bbox 350 4333 576 4415; x_wconf 87' lang='lat' dir='ltr'><strong>propinquaret</strong></span> <span class='ocrx_word' id='word_1_257' title='bbox 596 4353 667 4396; x_wconf 89' lang='lat' dir='ltr'><strong>cum</strong></span> <span class='ocrx_word' id='word_1_258' title='bbox 687 4353 741 4399; x_wconf 82' lang='lat' dir='ltr'><strong>rex</strong></span> <span class='ocrx_word' id='word_1_259' title='bbox 764 4330 843 4396; x_wconf 90' lang='lat' dir='ltr'><strong>illius</strong></span> <span class='ocrx_word' id='word_1_260' title='bbox 866 4329 905 4394; x_wconf 84' lang='lat' dir='ltr'><strong>ad</strong></span> <span class='ocrx_word' id='word_1_261' title='bbox 926 4329 1049 4406; x_wconf 88' lang='lat' dir='ltr'><strong>urbem,</strong></span> 
     </span>
    </p>
   </div>
   <div class='ocr_carea' id='block_1_5' title="bbox 0 0 1458 5088">
    <p class='ocr_par' dir='ltr' id='par_1_13' title="bbox 0 0 1458 5088">
     <span class='ocr_line' id='line_1_40' title="bbox 0 0 1458 5088; baseline 0 0"><span class='ocrx_word' id='word_1_262' title='bbox 0 0 1458 5088; x_wconf 95' lang='lat' dir='ltr'><strong> </strong></span> 
     </span>
    </p>
   </div>
  </div>
 </body>
</html>
