2834 5090
782 413 873 488 luo]

322 591 553 652 vitae¹amorem
566 571 719 663 secedens,
741 589 772 650 ln
785 580 973 650 Monasterio
986 586 1090 648 Sancti
1102 588 1272 666 Benedicti,
1294 589 1370 671 quod

321 699 367 751 est
388 690 478 751 situm
501 689 530 748 in
546 687 653 750 Castro
670 690 803 766 Cas'sino,
825 689 978 770 reliquum
1001 687 1080 754 vitae
1101 698 1221 772 ternpus
1237 689 1371 771 religiose

322 787 533 852 conversando
555 789 733 869 complevit,

280 888 388 951 Ueber
409 880 898 969 dieBeweggriiudeKarlmanns
921 910 943 949 s.
966 884 1111 958 Luden,
1135 881 1305 946 Gascbiclrte
1325 887 1372 952 das

280 988 430 1046 teutschen
450 983 567 1070 Voltus,
589 987 646 1049 Bd
660 988 712 1066 IV,
734 989 765 1050 S
788 990 891 1050 168ss
914 988 1018 1048 468Ι.
1041 989 1128 1049 Auru.
1144 990 1173 1050 2.
1217 993 1279 1052 Das
1298 990 1372 1048 Klo-

280 1097 343 1148 ster
372 1080 427 1149 des'
453 1088 531 1150 Heil.
555 1088 700 1151 Silvester
728 1090 784 1150 auf
806 1089 877 1150 dem
903 1089 1003 1168 Berge
1025 1088 1152 1153 Soracte
1181 1090 1272 1151 nebst
1297 1091 1368 1150 allen

172 1237 173 1244 ,
278 1188 495 1266 Pertinenaieu
517 1187 665 1249 schenkta
681 1187 794 1269 Pippin
817 1188 888 1250 dem
904 1190 1016 1270 Papste
1030 1189 1107 1249 Paul
1121 1187 1154 1264 ¹).
1198 1189 1304 1250 Uaber
1322 1187 1370 1248 das

279 1287 502 1351 Mdnchsleben
524 1287 709 1350 Karlmauns
736 1289 839 1350 finden
868 1289 934 1351 sich
958 1288 1010 1352 die
1031 1287 1142 1351 beiden
1167 1289 1369 1372 Hauptstellen

278 1387 331 1450 bei
351 1389 509 1460 Regino,
540 1387 668 1449 Clarom'c.
691 1407 719 1449 u.
742 1391 804 1450 746
826 1412 874 1471 ap.
896 1387 1027 1476 qutz,
1055 1391 1068 1449 Ι
1075 1412 1135 1469 ,p
1158 1391 1220 1450 555
1241 1389 1304 1451 und
1324 1387 1370 1449 bei

279 1485 352 1548 Leo
382 1487 632 1564 MarsicanuS,
667 1487 768 1550 Cbrou.
792 1488 922 1550 Munast
948 1477 1217 1568 Custamu,1,7
1244 1512 1293 1572 ap.
1321 1487 1369 1577 Du

282 1585 437 1662 Choana,
459 1591 501 1651 ΙΙΙ
509 1613 570 1673 ,.p
593 1591 665 1650 644
707 1591 762 1651 Bei
783 1591 941 1652 Ersterem
962 1589 1054 1651 haifst
1074 1612 1119 1653 es:
1401 1575 1402 1582 i

319 1690 436 1758 Fertur
449 1691 498 1752 de
520 1691 581 1752 hoo
602 1698 708 1752 sancto
726 1689 795 1750 viro
809 1691 980 1773 exemplum
992 1689 1199 1754 memorabile
1231 1689 1307 1750 Cum
1319 1683 1402 1748 ad

320 1787 385 1852 buc
405 1791 521 1855 Romae
544 1790 661 1874 positus
689 1789 720 1850 in
741 1791 942 1869 monasterio,
970 1791 1053 1874 quod
1075 1790 1133 1852 sibi
1154 1788 1402 1864 aedificaverat,

320 1889 360 1952 ab
382 1892 523 1953 omnibus
545 1901 675 1973 propter
695 1883 812 1974 regiam
833 1881 1035 1966 nobilitatem,
1057 1899 1088 1950 et
1108 1890 1192 1972 quod
1213 1891 1307 1951 maius
1321 1899 1402 1964 ast

319 2001 452 2074 propter
473 2001 665 2054 contemtum
687 1992 776 2074 regni
797 1991 915 2053 terreni
937 2000 968 2052 et
989 1991 1115 2071 gloriam
1138 1992 1307 2072 praesentis
1327 2011 1366 2050 se-

225 2155 227 2166 l
321 2092 398 2169 culi,
424 2100 628 2154 veneraretur
649 2101 681 2155 et
701 2091 842 2152 laudibus
865 2091 1078 2168 extolleretur,
1108 2091 1217 2152 timens
1239 2091 1288 2152 vir
1308 2092 1365 2150 Deo

319 2191 432 2270 plenus
454 2191 593 2253 levorem
614 2190 711 2264 landis
733 2190 896 2268 humanae,
921 2193 974 2274 qui
996 2201 1080 2252 tante
1101 2212 1158 2273 pro
1180 2191 1303 2253 Christo
1322 2210 1365 2251 re·

320 2289 471 2404 liquerat,
492 2269 596 2374 fugam
616 2291 711 2374 magis
733 2291 871 2372 arripere
893 2291 1057 2372 disposuit.
1081 2313 1173 2374 quam
1193 2313 1289 2352 vanae
1308 2291 1402 2394 glo·

322 2390 388 2452 riae
416 2392 584 2454 subiacere.
627 2391 668 2452 Et
695 2389 756 2451 hoc
779 2384 994 2454 tantummodo
1022 2413 1085 2452 uno
1107 2391 1170 2452 fido
1196 2393 1280 2454 socio
1300 2413 1365 2453 con·
1401 2353 1402 2458 l

321 2492 433 2583 fessus,
468 2515 560 2576 quem
588 2495 627 2555 ab
651 2493 819 2554 infantia
810 2515 841 2554 rn
870 2493 1011 2554 omnibus
1032 2491 1155 2552 fidelem
1181 2486 1402 2606 probaverat

322 2613 392 2654 curn
415 2613 452 2656 eo
474 2604 570 2656 noctu
592 2593 732 2654 omnibus
754 2591 901 2672 aufugit
892 2591 1003 2668 insciis,
1025 2589 1108 2652 etad
1119 2591 1278 2654 Cassiuum
1286 2612 1364 2652 mon-

321 2701 384 2753 tem
406 2715 501 2775 usque
522 2694 679 2806 pervenit,
701 2690 778 2750 nibil
799 2709 901 2750 secum
920 2699 1048 2772 portans
1070 2713 1105 2753 er
1128 2693 1271 2756 omnibns
1288 2689 1364 2753 bonis

202 2807 208 2832 ·‘
322 2811 401 2873 quae
423 2791 549 2874 corpori
569 2800 658 2854 eraut
678 2790 856 2867 necessaria,
881 2790 980 2852 nudus
1002 2791 1157 2856 Christum
1178 2804 1298 2866 secutus
1317 2799 1363 2852 est.

320 2890 362 2952 Et
381 2891 465 2952 iuxta
484 2911 604 2954 morem
624 2901 746 2992 portam
766 2891 943 2953 monasterii
962 2893 1094 2976 pulsans,
1116 2893 1302 2976 colloquium
1318 2913 1365 2973 pa·

323 2990 379 3052 tris
398 2993 577 3054 monasterii
598 2981 736 3075 expetiit,
757 2993 789 3054 in
812 2993 896 3055 onius
918 2995 1121 3074 praesentiam
1142 3016 1213 3056 cum
1238 2991 1363 3067 lenisset,

322 3111 393 3152 mox
413 3091 445 3152 in
467 3089 582 3158 terium
603 3095 731 3172 corruit,
754 3115 785 3155 se
797 3093 985 3154 homicidam
998 3110 1072 3172 esse,
1094 3115 1125 3155 se
1137 3115 1228 3156 reum
1241 3095 1364 3157 omnium

323 3191 487 3254 criminum
506 3203 696 3276 protestans,
727 3193 968 3255 misericordiam
990 3193 1139 3276 exposcit,
1166 3194 1364 3275 poeniteutiae

304 3283 425 3355 ¹locum
445 3294 585 3376 exquirit.
626 3293 721 3356 Pater
747 3315 820 3355 cum
839 3292 996 3356 bominem
1016 3294 1214 3376 peregrinum
1238 3317 1299 3360 esse
1318 3313 1363 3354 ao-

324 3394 491 3472 gnovisset,
520 3395 692 3476 interrogat
713 3395 797 3457 cuius
818 3396 937 3478 patriae
958 3404 1011 3456 aut
1031 3395 1129 3477 gentis
1151 3406 1245 3472 esset;
1272 3406 1302 3457 at
1319 3393 1363 3454 ille

283 3489 299 3532 ·‘
321 3493 477 3556 coufessus
499 3505 553 3571 est,
575 3515 606 3558 se
627 3496 782 3558 Franeum
803 3505 931 3574 esse,·et
951 3515 987 3557 ex
998 3495 1129 3556 Francia
1150 3515 1208 3578 pro
1232 3497 1285 3557 tali
1305 3513 1362 3556 sce-

321 3587 386 3651 lere
411 3592 570 3673 migrasse,
603 3583 725 3656 erilium
750 3595 883 3657 libenter
909 3596 992 3657 ferre
1014 3604 1168 3676 paratam,
1197 3605 1315 3658 tantum
1333 3600 1362 3652 ul
1401 3593 1402 3600 ἶ

281 3717 285 3724 ·
322 3691 454 3771 patriam
475 3692 635 3754 caelestem
655 3717 717 3756 non
738 3697 902 3758 omitteret.
942 3695 1091 3778 spiritalis
1112 3705 1201 3777 pater
1222 3698 1284 3760 eius
1298 3713 1361 3777 pre·
1401 3775 1402 3782 ἵ

324 3791 411 3852 cibus
439 3804 590 3872 annuens,
621 3796 781 3876 praecepit
807 3813 877 3857 eum
902 3795 933 3855 in
963 3795 1039 3856 cella
1068 3796 1254 3859 novitiorum
1274 3789 1360 3874 recipi
1401 3849 1402 3852 ,

322 3883 385 3953 uua
412 3911 482 3952 curu
509 3912 563 3953 suo
591 3885 721 3977 collega,
755 3895 859 3978 ibique
880 3896 1007 3978 probari
1027 3895 1195 3960 secundum
1214 3895 1298 3982 quod
1317 3911 1360 3954 re·
1401 3925 1402 3946 ι

279 4295 311 4359 v
350 4206 421 4354 ’ἐξῇ
439 4215 488 4268 den
500 4213 646 4268 Danlbn'es
659 4217 841 4337 desl’apstea
832 4237 868 4273 uu
882 4215 943 4274 Cod.
952 4215 1041 4273 carol.
1058 4217 1129 4282 XVI
1146 4217 1189 4281 bei
1206 4215 1361 4284 eoaque,

326 4313 352 4366 p
435 4297 453 4351 f.
