2870 5086
496 471 502 488 .
586 449 644 520 Μ
950 435 958 471 t

64 640 143 694 eum
169 634 292 715 magno
308 618 344 714 l)
371 619 467 690 venit
491 618 653 690 exercitu
709 611 743 688 Is
771 616 894 689 fluvius
919 613 1100 700 Baioarios
1116 622 1174 696 ab

64 735 310 834 Alamannist)
336 737 466 820 dividit
530 734 638 810 Cuius
663 737 699 808 in
726 738 800 834 ripa
834 739 953 810 castris
989 739 1176 830 collocatis,
1226 755 1229 762 ’

64 859 171 954 prius
184 884 286 956 quam
311 858 523 957 provinciam
549 860 706 942 intraret,
735 858 883 928 animum
914 854 1012 930 ducis
1042 883 1107 958 per
1126 861 1177 934 le-

64 990 166 1072 gatos
193 978 313 1049 statuit
339 977 495 1074 experiri.
547 972 623 1046 Sed
648 997 715 1046 nec
746 975 803 1046 ille
828 978 1047 1074 pertinaciter
1074 1004 1177 1076 agere

64 1097 208 1170 rebisibi
229 1097 287 1168 vel
302 1098 398 1192 genti
424 1093 507 1168 utile
530 1104 632 1181 ratus,
656 1095 803 1192 supplex
820 1119 859 1166 se
876 1098 950 1192 regi
966 1101 1119 1193 permisit
1131 1099 1178 1197 ³),

12 1257 13 1262 κ
65 1216 204 1310 obsides
242 1218 301 1313 qui
331 1216 582 1312 imperabantur
613 1212 725 1302 dedit,
759 1217 849 1286 inter
884 1241 972 1314 quos
1010 1228 1045 1288 et
1074 1217 1177 1292 filium

12 1315 13 1350 r
63 1339 160 1407 sirum
188 1333 435 1422 Theodonem3
463 1333 540 1425 data
566 1335 706 1431 insuper
731 1329 846 1427 fide4)
874 1337 1177 1426 onninamente,

64 1451 160 1550 quod
185 1453 227 1524 ab
252 1454 341 1528 illius
367 1465 540 1553 potestate
560 1452 603 1524 ad
625 1453 855 1526 deiectionem
873 1457 1001 1526 nemini
1019 1456 1178 1533 suadenti

63 1571 233 1646 adsentire
261 1571 414 1646 deberet
466 1569 597 1671 Sicque
623 1573 728 1662 bello,
755 1572 849 1672 quod
875 1577 971 1672 quasi
996 1553 1177 1650 maximum

64 1689 209 1764 flitmum
247 1693 448 1780 videbatur,
499 1692 695 1764 celerrimus
737 1705 790 1765 est
827 1692 902 1764 finis
940 1697 1178 1796 impositum).

66 1807 200 1884 Tassilo
226 1822 341 1890 tamen
366 1810 588 1909 postmodum
613 1811 658 1883 ad
689 1835 808 1908 regem
833 1827 1024 1904 avocatus,
1061 1843 1177 1916 neque

65 1931 175 2004 redire
200 1933 409 2030 permissus3
435 1955 550 2030 neque
573 1931 761 2030 provincia,
788 1955 888 2029 quam
911 1935 1061 2021 tenebat,
1086 1936 1176 2007 ulte-

66 2053 135 2124 rius
153 2051 245 2143 duci,
270 2051 335 2126 sed
351 2050 546 2124 'comitibus
571 2049 616 2124 ad
639 2050 831 2149 regendum
857 2055 1040 2128 commissa
1065 2065 1127 2128 est
1165 2086 1169 2095 ’

488 2331 492 2347 ‚
517 2285 621 2362 Can.
645 2288 724 2364 ΧΠ

160 2446 228 2520 His
250 2445 403 2518 motibus
431 2435 720 2542 ita‘eompositis,¹
741 2441 874 2519 Sclauis
889 2453 946 2548 qui
963 2463 1079 2526 nostra
1093 2479 1178 2527 oon-

15 2536 19 2593 !
69 2569 249 2642 suetudine
266 2561 394 2638 Wiitzi
406 2562 451 2659 ⁶),
476 2567 616 2664 proprie
635 2589 728 2650 vero,
754 2565 791 2637 id
811 2577 864 2638 est
879 2595 940 2640 sua
953 2570 1129 2644 locutione
1141 2571 1178 2667 ⁷)
1283 2595 1287 2618 ⁸
1422 2555 1423 2564 ἵ

69 2686 291 2781 Welatabi⁸)
319 2685 495 2773 dicuntur,
517 2685 647 2759 bellum
672 2683 811 2758 inlatum
838 2697 899 2760 est.
966 2684 1006 2759 In
1040 2715 1109 2788 quo
1143 2703 1176 2764 et

71 2803 233 2895 Saxones,
257 2803 352 2876 velut
369 2805 545 2876 auxiliares
557 2807 603 2898 ⁹),
622 2809 711 2878 inter
730 2819 882 2880 caeteras
897 2809 1065 2898 nationes,
1091 2835 1178 2909 quae

70 2931 154 3025 regis
181 2930 279 3024 signa
305 2927 419 2996 iussae
445 2923 686 3022 sequebantur,
713 2948 915 3024 quamquam
948 2927 1027 3003 fieta
1054 2943 1089 3004 et
1115 2934 1178 3003 mi-

77 3100 276 3114 -α

71 3205 127 3262 rica
142 3191 244 3286 (Ado
268 3197 375 3260 odron.
399 3199 511 3260 oman.
531 3197 562 3274 I,
588 3217 613 3256 a.
633 3202 700 3264 843.
720 3202 840 3260 Peru.
861 3197 908 3274 H,
927 3201 1050 3278 pm)
1068 3201 1102 3261 N
1155 3204 1163 3222 ⁶

73 3299 163 3374 (aaa.
184 3297 349 3357 emanas.
365 3316 395 3354 a.
415 3295 497 3372 sao).

32 3467 34 3476 y
146 3399 177 3472 ¹)
198 3393 258 3453 Art.
277 3393 417 3454 maximo,
456 3428 494 3440 -
536 3387 569 3464 ²)
587 3386 645 3446 alt.
665 3388 849 3450 Alamannia.

140 3492 178 3566 ³)
197 3483 388 3548 Arsennaria
427 3523 466 3537 -
507 3485 539 3562 ⁴)
561 3481 639 3544 Cod.
659 3483 791 3545 Vindob.
810 3483 888 3544 daus
906 3483 1140 3567 inwparficbm.

145 3588 177 3662 ⁵)
198 3584 234 3642 In
255 3581 358 3642 codice
379 3579 615 3640 Steinwebriano
640 3579 867 3657 Vratislavensi,
896 3600 984 3659 quem
1003 3581 1180 3644 Bredowius

75 3677 195 3738 contulit
214 3675 312 3756 (navt
327 3673 380 3736 der·
401 3675 518 3749 (imre,
538 3683 593 3734 etc.
613 3695 643 3753 p.
663 3677 734 3752 181)
751 3678 827 3738 ¹loco'
850 3673 1025 3754 verborum,
1043 3661 1127 3758 'qnae
1148 3679 1180 3738 in

75 3770 201 3847 genuino
221 3779 302 3831 textu
322 3771 358 3830 ad
378 3770 466 3830 finem
486 3789 579 3849 usque
599 3767 702 3848 eapitis
721 3769 875 3851 leguntur,
902 3769 961 3832 alia
985 3771 1086 3851 verba,
1105 3791 1180 3854 quae

76 3881 106 3920 ex
124 3864 246 3926 Einardi
263 3864 430 3926 Annalibus
449 3863 541 3944 petita
557 3858 639 3938 sunt,
658 3863 931 3943 deprehenduntur:

148 3963 179 4039 ⁸)
198 3959 257 4020 All.
278 3959 386 4038 W'dou',
409 3958 537 4038 Wutas,
560 3957 663 4036 ths,
683 3959 803 4039 Willzt,
824 3959 936 4038 Vates,
950 3954 1053 4037 Volat,
1074 3956 1179 4036 Vetat,
1272 4015 1276 4022 ,

148 4151 180 4231 ⁷)
199 4152 246 4212 Al.
266 4147 495 4226 edomuimsab
514 4146 625 4225 lingum.

147 4243 257 4323 ⁸)A11.
282 4246 446 4320 vuelatabi,
468 4241 632 4324 Wdozabt,
654 4243 832 4325 Wdatnb‘la',
853 4241 1000 4318 thuobr',
1022 4241 1162 4307 Wotutt.

149 4339 181 4420 ⁹)
199 4339 257 4402 All.
277 4343 478 4406 martinam

810 4437 829 4490 5
