2860 5086
557 408 645 478 2⁹³⁷

54 529 218 638 sauricen.
239 607 281 622 -·
292 539 422 639 uinea
444 577 496 638 ιιι
512 577 671 662 uresaang
693 579 758 640 aa»
772 557 914 641 runnu
938 585 1031 664 vergi.
1056 539 1147 656 raon.
1244 584 1249 593 ·
1293 555 1296 566 ’

51 673 311 738 Sannssatlerts.
334 677 481 760 1,3c,p
504 675 621 744 747ι
758 689 761 698 “
900 715 902 720 ·

58 776 179 836 =··Eret
195 779 412 860 antiquarunt
410 785 563 840 ornaltus
576 779 624 840 tel
652 786 797 860 'paratura
818 775 1011 844 Francorum
1038 783 1149 845 calcia-

90 886 196 939 menta
211 878 390 964 xforinsecus
425 889 547 956 aurata,
578 878 717 960 corrigiis
743 877 967 943 tricubitalibus
995 873 1149 964 insignita,

92 976 236 1043 sactiolae
263 977 661 1048 crurales''·vermiculatae‚
694 986 730 1038 et¹
751 977 857 1039 subtus
886 975 934 1042 eas
962 983 1079 1044 tibialia
1100 985 1149 1044 vel

90 1077 206 1138 coxalia
228 1077 321 1154 linea,
345 1075 491 1160 quamvis
504 1100 538 1140 en
560 1079 670 1140 eodem
691 1078 815 1158 colore,¹
834 1090 936 1142 tamen
958 1084 1150 1164 opere-anti-

53 1193 59 1213 *
89 1177 281 1240 ficitasissinno
304 1179 430 1240 variates
459 1171 574 1260 ”Super
595 1197 674 1261 quae
694 1188 726 1238 et
747 1179 884 1241 fasciolas
907 1181 937 1240 in
960 1181 1059 1244 crucis
1081 1205 1149 1246 rnn-

46 1321 49 1328 ·
90 1279 180 1356 dum,
202 1275 384 1340 intrinsecus
412 1289 443 1339 et
464 1277 669 1354 eitrirrsecus,
691 1289 761 1350 ante
784 1290 816 1340 et
836 1291 936 1360 retro,
959 1283 1150 1365 longissimae

90 1380 171 1440 illae·
169 1381 336 1462 ¹corrigiae
357 1379 574 1441 tendebantur.
607 1381 728 1441 Deinde
745 1401 868 1441 camisia
881 1383 997 1442 clrzana
1013 1381 1058 1458 ¹)3
1063 1395 1150 1478 post

88 1479 168 1542 haec
189 1479 308 1540 balteus
330 1489 438 1560 spatae
456 1477 623 1560 colligatus.
660 1473 747 1558 Quae
769 1491 853 1560 spata
875 1483 1009 1564 primum
1030 1472 1150 1566 vag-ina,

90 1579 227 1648 secundo
249 1581 339 1641 corio
367 1579 587 1661 qualicunque,
616 1581 710 1640 tertio
731 1580 908 1658 linteamine
935 1583 1150 1645 candidissimo

42 1701 55 1716 ··
89 1699 163 1741 cera
182 1677 373 1739 lucidissima
401 1679 551 1738 roborato
578 1679 621 1740 ita
643 1680 841 1761 cingebatur,-
873 1687 908 1743 ut
935 1703 994 1763 per
1014 1684 1151 1746 medium
1195 1695 1199 1716 ¹

90 1778 255 1840 cruciculis
278 1779 487 1838 eminentibus?
505 1776 546 1838 ad
565 1779 810 1861 peremptionem
827 1781 994 1857 ¹gentilium
1022 1773 1152 1845 durare-

87 1887 152 1938 tur.
191 1877 348 1939 ‘Ultimum
369 1878 497 1941 babitus·
514 1873 623 1943 eorum
653 1887 720 1940 erat
744 1879 872 1960 pallium
899 1901 1010 1944 canum
1037 1883 1076 1944 ad
1103 1907 1151 1944 sa-

57 1999 60 2008 *
87 1975 249 2064 pbirinupa
271 1979 516 2064 quadrangulum
539 1977 659 2062 duplex,
682 1979 724 2040 sic
745 1981 922 2052 formatum,
944 1992 981 2042 ut
1001 2000 1074 2043 cum·
1093 1964 1151 2043 im*-

87 2087 264 2157 poneretur
285 2079 438 2146 humeris,
461 2088 532 2139 ante
554 2089 585 2140 et
607 2089 693 2139 retro
714 2079 807 2160 pedes
825 2090 987 2162 tangeret,
1013 2083 1052 2144 (le
1074 2083 1151 2144 late-

14 2191 15 2194 ’
91 2176 181 2248 ribus
203 2173 277 2240 v'cro
301 2175 348 2234 vix
366 2195 465 2254 genua
487 2187 675 2257 contegeret.
718 2179 808 2239 Tunc
829 2181 955 2242 baculus
977 2181 1016 2244 de
1039 2182 1152 2246 arbore
1177 2240 1181 2246 ,

47 2276 192 2344 νηιιιιο,
224 2273 312 2334 nodis
332 2275 459 2355 paribus
476 2271 686 2350 admirabilis,
714 2275 833 2356 rigidus
854 2289 886 2336 et
905 2282 1069 2356 terribilis,
1095 2297 1153 2340 'cu-

61 2375 184 2458 apide
201 2374 335 2434 manuali
357 2395 392 2434 en
413 2393 490 2435 auro
510 2375 709 2456 vel'arge'nto
737 2380 808 2434 'cum
837 2375 998 2450 caelaturis
1024 2377 1153 2459 insigni·
1194 2373 1196 2379 ’
1230 2401 1234 2404 ·

55 2517 56 2524 1
88 2478 158 2538 hus
171 2464 524 2557 praefirmportabat'nr
542 2473 573 2534 iu
597 2475 729 2536 dexteru.
760 2469 835 2552 ¹Quo
851 2474 958 2535 babitu
972 2475 1072 2537 lentus
1094 2499 1152 2559 ego

89 2576 302 2638 etztestudine
320 2575 553 2660 tardior,·cum
573 2574 606 2634 in
627 2569 789 2635 Franciam
811 2591 981 2656 nunquam·
1002 2576 1152 2656 venirem,

87 2676 157 2737 vidi
182 2687 276 2758 caput
297 2668 490 2736 Francorum
517 2676 548 2735 in
575 2659 761 2736 monasterio
788 2677 885 2736 suncti
908 2673 988 2736 Galli
1015 2677 1152 2756 praeful-

87 2797 188 2859 gens,
210 2777 348 2859 duosque
365 2773 462 2837 liores
484 2775 653 2836 auricomes
670 2795 710 2836 ex
732 2777 795 2836 eius
817 2776 985 2850 femoribus
1006 2793 1152 2858 progres-

43 2941 49 2957 ,
78 2889 311 2959 'scaccorum
332 2869 390 2958 qui
405 2877 494 2958 prior
514 2895 651 2957 egressus
674 2877 733 2950 est,
755 2877 974 2955 proceritatem
995 2875 1074 2936 illius
1096 2875 1152 2936 ad-

87 2978 261 3060 aequabat,
293 2978 447 3058 posterior
475 2986 578 3038 autem
610 2974 758 3056 paulatim
779 2971 970 3052 excrescens,
1002 2975 1151 3036 verticem

87 3077 205 3158 stipitis
218 3078 262 3141 sui
276 3099 392 3139 summa
403 3078 499 3159 glorie
512 3075 680 3153 decoravit,
702 3084 733 3136 et
746 3075 993 3136 transcendendo
1007 3076 1149 3136 contexit.
1206 3115 1210 3122 ·

88 3177 174 3254 Sed,
205 3187 241 3238 ut
266 3197 297 3238 se
324 3199 390 3238 mos
419 3171 543 3238 bum'ani
573 3175 666 3238 babet
692 3175 822 3257 ingenii,
855 3198 925 3236 cum
944 3175 1026 3235 inter
1047 3174 1159 3236 Gallos·

87 3278 208 3340 Franci
227 3277 408 3356 militantes,
438 3278 561 3360 virgatis
584 3300 635 3339 eos
657 3278 766 3358 sagulis
794 3276 898 3336 lucere
926 3275 1151 3356 conspicerent,

87 3363 232 3440 novitate
254 3376 436 3458 gaudentes,
464 3377 716 3439 consuetudinem
739 3376 934 3454 dimiserunt,
961 3385 993 3436 et
1013 3389 1063 3437 eos
1086 3375 1153 3441 imi·

77 3478 157 3542 'teri
179 3487 363 3561 coeperunt.
411 3477 502 3554 Quod
531 3473 655 3539 interim
682 3477 879 3560 rigidissimus
907 3465 1077 3558 imperator
1104 3475 1153 3536 id-

15 3577 16 3580 ¹
89 3581 182 3641 circo
205 3597 266 3639 non
287 3576 474 3659 probibuit,
490 3577 561 3660 quia
582 3579 698 3638 bellicis
721 3578 812 3639 rebus
835 3576 936 3656 aptior
957 3578 1008 3637 ille
1029 3576 1153 3638 videre-

86 3691 169 3742 tur'
164 3678 314 3740 habitus.
368 3675 429 3738 set
465 3667 536 3746 burn
564 3679 714 3739 Fresones
746 3677 814 3737 hae
834 3677 983 3737 licentia
993 3677 1152 3772 abutentes

88 3779 288 3855 adverteret,
320 3787 352 3838 et
378 3777 556 3839 brevissime
581 3779 633 3838 illa
660 3779 781 3859 palliola
807 3780 885 3839 sicut
911 3776 1009 3859 prius
1025 3773 1152 3834 manime

87 3877 233 3942 vendere
253 3878 460 3958 comperisset,
483 3878 651 3958 praecepit,
680 3889 714 3938 ιιι
738 3878 836 3938 nullus
856 3878 937 3938 ab
912 3897 953 3939 ers
978 3875 1035 3936 nisi
1059 3894 1153 3953 gran-

87 3980 148 4042 dia
168 3976 374 4062 latissimaque
393 3978 444 4038 illa
471 3977 645 4059 longissima
673 3977 763 4058 pallia
785 3973 1063 4040 consuetudinarie
1079 3991 1153 4052 pre-
1194 3965 1208 3979 ”
1246 3963 1250 3971 ’

87 4081 165 4141 ιὶο
179 4087 357 4156 coemeret,
384 4077 542 4138 adiiciens:
589 4073 690 4154 Quid
714 4086 867 4154 prosunt
900 4076 965 4134 alta
991 4073 1154 4149 pittaci-

125 4289 232 4358 ¹)ch
250 4288 476 4344 Glanateinwand:

749 4374 804 4424 15*
