2834 5090
113 591 185 678 gula
206 590 300 674 iubet,
322 605 354 657 et
373 569 461 656 tantb
484 593 597 654 arctius
620 601 735 675 quanto
750 592 902 656 barbarae
914 604 946 656 et
955 589 1077 679 ignotae
1089 615 1165 678 gen-

110 697 150 757 tis
171 687 265 758 bomo
287 705 364 773 erat,
384 693 512 776 impleus
534 693 610 756 illud
632 693 849 776 apostolicum:
871 694 1029 772 „Probata
1042 702 1164 780 spiritus
1277 775 1280 782 Ι

109 796 135 856 si
157 817 192 857 ex
212 799 280 858 Deo
304 793 404 856 sunt.“
437 797 547 876 ‘Itaque
568 795 716 876 probatus
738 793 867 856 inomni
888 797 1046 875 patientia,
1068 801 1166 861 socia.
1241 811 1244 822 ·
1339 809 1345 818 ·

109 905 158 956 tus
181 905 228 956 est
248 893 479 977 congregationi
499 916 561 956 uua
582 916 653 955 cum
675 893 806 974 collega,
827 903 898 976 pqst
918 917 1073 959 emensum
1095 901 1166 959 anui

110 997 263 1056 circulum
289 997 443 1078 professus
471 993 682 1072 stabilitatem,
711 993 944 1054 conversionem
969 1017 1107 1076 morum,
1136 1009 1167 1060 et
1189 1011 1192 1022 ’

37 1140 40 1146 ,
108 1094 318 1156 obedientiam
352 1085 521 1156 secuudbm
547 1095 688 1175 regulum
716 1092 813 1154 sancti
841 1094 1010 1156 Benedicti.
1058 1099 1167 1182 Coepit

104 1189 213 1254 'autem
229 1194 518 1278 irreprehensiliter
551 1195 633 1256 iuter
659 1195 770 1256 fratres
799 1195 991 1273 conversari,
1025 1200 1166 1261 omnibus
1256 1257 1258 1266 χ

107 1294 275 1356 virtutibus
296 1296 422 1376 pollens.
445 1285 588 1356 'Accidit
611 1303 729 1371 autem,
754 1303 789 1356 ut
809 1279 891 1356 iuxta
912 1295 996 1378 quod
1021 1320 1088 1360 mos
1112 1309 1166 1378 est,
1256 1325 1261 1346 ι

110 1395 152 1454 ad
175 1387 323 1478 coquinae
336 1396 472 1456 officium
485 1395 744 1456 hebdomadarius
761 1393 978 1476 deputaretur,
1000 1399 1167 1481 quodcum

108 1495 245 1559 libenter
271 1495 397 1578 quidem
422 1498 554 1574 faceret,
588 1494 641 1556 sed
668 1495 700 1555 in
726 1495 829 1556 multis
848 1496 1167 1578 ignoranteroffeu-

109 1595 214 1673 deret,
246 1617 338 1657 cocus
365 1597 439 1658 rino
467 1606 641 1658 esaestuans
668 1596 704 1656 ei
723 1595 841 1677 alapam
863 1596 950 1678 dedit
969 1597 1088 1660 dicensi
1122 1603 1167 1660 ltu

109 1707 143 1757 te
163 1695 311 1757 fratribus
334 1695 490 1758 deservire
505 1697 647 1778 oportet?
676 1695 732 1756 Cui
746 1696 797 1756 ille
810 1705 920 1775 motus,
941 1698 1063 1779 placido
1073 1701 1167 1762 'vultu
1238 1679 1244 1692 Ι
1268 1705 1271 1727 ¹

108 1795 285 1878 respondit:
314 1795 475 1877 Indulgeat
494 1795 552 1855 tibi
565 1794 725 1872 Dominus,
745 1797 852 1874 frater,
873 1807 905 1856 et
917 1797 1165 1871 Carolcmanuus.

108 1899 219 1978 Neque
240 1895 321 1956 enim
342 1895 485 1978 cuiquam
506 1889 619 1956 nomen
642 1917 730 1956 suum
749 1894 940 1976 prodiderat,
961 1918 1001 1957 ne
1023 1919 1058 1958 ex
1076 1921 1167 1960 voca-

108 1998 187 2058 bulo
208 2005 435 2078 agnosceretur.
478 1997 594 2058 Rursus
616 2017 687 2057 cum
711 1995 742 2056 in
765 1995 948 2078 quibusdam
968 1996 1091 2058 cibariis
1113 2000 1168 2060 ad·
1189 2022 1218 2036 ”

106 2095 317 2159 ministrandis
339 2103 484 2176 errasset,
511 2098 624 2160 iterum
645 2119 662 2156 a
684 2117 760 2158 coco
779 2116 941 2178 percussus
962 2106 1022 2174 est,
1045 2099 1170 2160 cui-ea-

108 2199 185 2262 dem
207 2217 284 2280 quae
306 2218 398 2276 supra
418 2187 602 2276 imprecatus
624 2206 678 2257 est.
712 2197 753 2279 Et
775 2213 846 2258 cunr
861 2196 923 2256 iam
936 2197 1069 2258 tertio-a
1090 2221 1167 2260 coco
1234 2177 1237 2202 ³

111 2296 285 2375 crudeliter
306 2295 499 2373 caederetur,
520 2295 693 2376 indignatus
715 2297 766 2356 ille
787 2317 888 2358 comes
909 2296 1084 2360 individuus
1096 2321 1168 2362 suae

103 2395 377 2481 peregrinationis,
399 2393 484 2478 quod
505 2403 607 2455 tantus
628 2387 676 2454 vir
693 2415 711 2452 a
726 2402 789 2453 tam
810 2393 863 2456 vili
874 2405 1081 2474 personatam
1092 2419 1169 2460 con-

106 2497 273 2560 tumeliose
295 2497 480 2572 afficeretur,
506 2495 566 2554 iam
586 2495 670 2556 ferre
691 2514 753 2553 non
775 2485 889 2570 voleus,
911 2494 1042 2574 arripuit
1061 2497 1167 2579 pilum,

109 2597 199 2660 unde
225 2598 312 2678 panis
339 2597 371 2656 in
391 2588 500 2656 holera
518 2597 652 2656 fratrum
677 2593 845 2683 mittendus
872 2595 1107 2675 conterebatur,
1138 2609 1169 2660 et

108 2699 199 2760 omui
220 2697 327 2758 annisu
349 2717 420 2757 eum
440 2697 599 2778 percussit,
622 2695 740 2765 diceus:
770 2696 855 2773 „Nec
876 2693 934 2754 tibi
946 2697 1030 2756 Deus
1050 2711 1167 2779 parcat,
1203 2751 1210 2763 .

110 2815 202 2862 serve
223 2817 370 2880 nequam,
397 2783 454 2856 bec
475 2793 713 2858 Carolcmanuus
734 2793 921 2878 indulgeat.“
961 2797 1086 2860 Fratres
1107 2799 1168 2861 hoc

111 2897 219 2961 audito
247 2897 335 2960 valde
364 2897 509 2956 commoti
530 2906 616 2973 sunt,
641 2894 727 2978 quod
747 2895 841 2956 homo
868 2897 1036 2980 alienigena
1056 2909 1088 2961 et
1108 2923 1167 2983 pro

110 2997 326 3062 misericordia
353 3005 496 3077 receptus
524 2995 596 3055 talia
616 2995 719 3054 lacere
745 2998 981 3074 praesumsisset.
1024 3000 1168 3062 Protinus

109 3105 219 3189 itaque
240 3096 396 3161 custodiae
416 3095 619 3178 mancipatur,
640 3103 676 3157 ut
697 3093 747 3154 die
768 3097 906 3178 sequenti
926 3095 993 3158 talis
1009 3107 1168 3179 praesum&
1244 3149 1251 3168 .

109 3201 161 3263 tio
183 3199 282 3265 acrius
309 3197 527 3260 vindicaretur.
571 3197 606 3256 ln
628 3195 794 3256 crastinum
814 3195 983 3276 productus
1005 3197 1044 3257 de
1065 3207 1168 3260 custo·
1258 3222 1260 3230 ’

110 3301 168 3364 dia
188 3299 219 3360 in
240 3297 343 3360 medio
364 3307 519 3360 conventu
538 3297 669 3370 sistitur;
689 3303 907 3378 percunctatus
928 3317 1102 3360 carmanus
1118 3320 1169 3361 ex.

109 3401 245 3488 tendere
270 3400 304 3460 in
323 3399 451 3460 fratrem
475 3397 649 3472 ministrum
676 3397 838 3458 extendere
860 3419 947 3459 ausus
969 3397 1089 3478 fuisset,
1117 3421 1168 3462 re-

111 3501 254 3585 spoudit:
275 3499 387 3577 „Quia,
409 3498 522 3580 inquit,
538 3497 603 3560 vidi
618 3517 740 3559 servum
755 3499 936 3582 nequiorem
950 3499 1100 3578 omnibu's,
1122 3502 1169 3563 vi-

1 3677 2 3690 *
109 3627 186 3666 rum
211 3601 372 3663 meliorem
397 3607 428 3659 et
454 3597 638 3658 nobiliorem
659 3597 809 3678 omniurn,
838 3621 914 3684 quos
935 3601 967 3662 iu
988 3611 1072 3662 terra
1088 3624 1168 3666 oon-

1 3759 2 3768 ,
109 3703 232 3766 versari
253 3701 326 3778 scio,
348 3719 410 3760 non
432 3699 530 3760 solum
550 3696 651 3760 verbis
673 3695 883 3778 dehonestari,
916 3701 1082 3764 sedetiam
1101 3705 1168 3785 pla-

113 3800 297 3888 gis‘allicif‘
328 3803 450 3862 Furore
470 3798 564 3859 nimio
584 3796 734 3877 exagitati,
756 3799 839 3882 quod
860 3808 939 3880 enm,
961 3803 1014 3886 qui
1029 3804 1169 3887 peregri-
1234 3862 1237 3871 ⁴
1268 3813 1270 3816 ·
1375 3819 1377 3824 ⁸

113 3924 176 3965 nus
195 3911 331 3978 uenerat,
353 3899 480 3962 caeteris
502 3899 702 3980 praetulisset,
724 3893 915 3982 interrogant
929 3903 995 3986 quis
1015 3913 1092 3964 esset
1107 3903 1167 3980 ille,

116 4003 173 4086 qui
199 4002 337 4063 bonitate
363 4010 395 4062 ct
419 3999 579 4060 nobilitate
600 4016 705 4060 omnes
729 4001 876 4064 anteiret?
908 4025 966 4064 cur
986 4003 1092 4063 saltem
1111 4024 1168 4084 pa-

116 4116 200 4165 trem
221 4101 397 4166 monasterii
423 4119 484 4160 non
507 4099 688 4180 excepisset?
722 4101 775 4166 Ille
796 4103 975 4164 necessitate
995 4096 1167 4181 compulsus

113 4205 220 4266 celare
241 4225 303 4266 uon
325 4201 443 4276 valens,
465 4197 548 4282 qnod
564 4200 646 4259 Deus
664 4199 724 4260 iarn
744 4191 931 4264 manifestari
952 4198 1089 4278 volebat,
1111 4203 1167 4264 ait:

117 4306 201 4386 „Iste
228 4313 274 4366 est
294 4302 530 4366 Carolcmanuus
558 4299 711 4383 quondam
731 4321 785 4364 rex
804 4301 1009 4378 Francorum,
1037 4301 1089 4384 qui
1109 4324 1168 4386 pro
