2870 5086
796 320 804 354 l

731 407 737 435 Ι
774 401 779 412 ι

871 501 878 537 l

70 605 136 666 tres
160 618 266 666 annos
291 597 484 692 gerebatur.
533 593 677 670 Poterat
701 595 870 694 siquidem
897 601 997 672 citius
1020 600 1117 688 finiri,
1141 601 1171 674 si

71 711 240 786 Saxonum
271 713 341 786 hoe
373 715 513 812 perfidia
544 729 726 815 pateretur.
796 715 950 793 Difficile
983 717 1077 792 dictu
1108 734 1170 810 est,

68 838 201 934 quoties
228 838 377 932 supera-ti
402 863 443 910 ae
468 837 643 936 supplices
663 839 739 932 regi
760 863 798 910 se
821 837 1026 912 dediderunt
1040 841 1083 932 ¹),
1109 845 1175 914 im-.
1267 875 1268 884 ¹

8 1029 10 1060 ,
68 969 182 1054 perata
207 957 357 1030 facturos
382 958 529 1054 polliciti
559 969 647 1044 sunt,
674 957 814 1066 obsides
841 963 900 1056 qui
922 963 1172 1057 imperabantur

8 1077 9 1080 ’
69 1077 198 1175 absque
225 1076 388 1150 dilatione
415 1078 592 1165 dederunt,
618 1079 752 1173 legatos
786 1081 843 1176 qui
870 1081 1089 1176 mittebantur
1114 1109 1171 1154 su·
1238 1069 1242 1092 ¹

68 1209 261 1294 sceperunt,
287 1199 466 1296 aliquoties
492 1202 537 1272 ita
561 1197 680 1270 domiti
713 1211 747 1270 et
775 1177 981 1294 emolliti2),
1006 1212 1045 1272 ut
1071 1204 1172 1274 etiam

67 1318 194 1390 cultum
227 1303 433 1392 daemonum
461 1319 631 1390 dimittere
657 1330 692 1390 et
722 1318 924 1393 christianae
941 1308 1108 1418 'religioni
1134 1347 1172 1394 se

65 1438 226 1512 subdere,
239 1438 328 1510 velle
353 1442 607 1535 promitterent:
637 1439 702 1515 sed
726 1443 816 1512 sicut
838 1441 882 1514 ad
905 1442 992 1514 haee
1017 1441 1174 1514 facienda

65 1560 246 1658 aliquoties
270 1561 371 1656 proni
384 1560 438 1656 3),
478 1562 529 1632 sio
560 1560 605 1632 ad
638 1559 758 1632 eadem
783 1555 1011 1658 pervertenda
1037 1587 1174 1660 semper

65 1681 159 1754 lisere
185 1678 404 1778 praecipites,
429 1704 500 1754 nou
526 1684 570 1752 sit
585 1693 624 1752 ut
642 1683 723 1752 satis
742 1683 919 1754 aestimare
930 1680 976 1776 4),
1000 1683 1174 1756 aduttum

66 1801 186 1891 horum
211 1799 382 1872 faciliores
408 1802 522 1872 verius
550 1799 619 1870 dici
643 1802 793 1897 possint,
828 1805 957 1899 quippe
985 1827 1064 1880 cum
1092 1813 1174 1900 post
1221 1879 1228 1894 ³

66 1924 260 1996 inchoatum
292 1945 370 1992 eum
405 1921 455 1992 eis
487 1919 614 2017 bellum
640 1923 697 1991 uix
721 1919 862 2012 ·nllus⁵)
894 1947 1001 1991 annus
1034 1934 1175 1992 exactus

66 2047 127 2134 sit„
143 2069 213 2144 quo
231 2050 308 2114 'non
342 2042 384 2114 ab
418 2042 469 2112 eis
500 2039 738 2113 huiuscemodi
767 2040 856 2112 sacta
891 2044 935 2112 sit
951 2033 1173 2138 'permutatio
1284 2065 1286 2074 ⁴

9 2215 11 2258 3
67 2161 141 2236 Sed
160 2165 417 2260 magnanimitas
441 2163 550 2257 regis,
583 2187 623 2233 ac
655 2174 827 2266 perpetua·
853 2165 989 2234 tamin
1020 2160 1173 2238 adversis

9 2271 13 2304 r
67 2311 167 2382 quam
192 2286 227 2354 in
251 2283 427 2380 prosperis
451 2283 575 2352 montis
601 2285 799 2368 constantia,
823 2283 914 2354 nulla
936 2309 1053 2355 eorum
1065 2294 1173 2354 muta·
1303 2345 1306 2350 .

67 2405 197 2478 bilitato
213 2403 279 2474 'vel
301 2403 392 2473 vinei
417 2391 567 2499 poterat,
598 2401 654 2472 vel
685 2400 726 2473 ab
758 2398 810 2469 his'
842 2425 930 2496 quae
963 2427 1065 2498 agere
1092 2427 1174 2474 οὓς.

65 2537 177 2622 perat,
215 2523 408 2618 defatigari,
441 2545 517 2592 nam
555 2543 725 2616 nunquam
759 2541 820 2589 eos
851 2519 1088 2607 huiuscemodi
1114 2523 1174 2594 ali·
1208 2563 1212 2598 ι,
1324 2577 1356 2588 ,,

68 2645 149 2744 quid
178 2655 417 2742 perpetrantes
449 2643 587 2738 impune
621 2638 709 2710 feno
734 2665 862 2736 passus
897 2653 966 2728 est,
1003 2644 1084 2740 quin
1118 2644 1190 2720 aut¹

67 2769 138 2864 ipse
166 2791 231 2863 per
257 2761 342 2855 s'ess)
375 2762 569 2846 ductorem,
599 2771 656 2830 aut
683 2784 747 2856 per
777 2762 921 2832 comites
953 2789 1034 2834 suos
1068 2765 1172 2835 misso

68 2889 231 2970 exercitu,
255 2881 431 2981 perfidiam
458 2881 683 2950 ulcisceretur
713 2891 748 2951 st
778 2879 914 2976 dignam
949 2883 991 2955 ab
1026 2886 1076 2956 eis
1102 2887 1174 2956 exi-

67 3020 168 3104 geret
186 3023 351 3104 poenam‚
375 3023 486 3098 usque
512 2998 609 3084 dum,
635 3001 797 3070 omnibus
816 3003 874 3096 qui
899 3007 1059 3088 resistere
1083 3005 1174 3076 sole-

67 3128 158 3215 bant,
182 3125 370 3224 profligatis
397 3133 431 3192 et
456 3123 611 3193 insuam
637 3119 843 3216 potestatem
868 3121 1027 3207 redactis,
1054 3124 1175 3196 decem

67 3249 172 3320 millia
195 3245 369 3318 hominum
395 3266 438 3314 ex
462 3241 526 3327 his,
553 3242 611 3338 qui
632 3251 793 3338 utrasqpe
826 3240 923 3336 ripas¹
940 3235 1042 3312 Albis
1067 3241 1175 3314 flumi—
1250 3252 1252 3262 '

68 3369 119 3440 nis
145 3365 355 3450 incolebant,
379 3387 456 3434 eum
481 3360 644 3432 uxoribus
671 3370 706 3429 et
728 3359 875 3456 parvulis
894 3359 1046 3433 sublatos
1066 3371 1175 3434 trans-

69 3488 163 3574 tulit,
197 3496 233 3557 et
264 3485 332 3555 huc
364 3493 468 3580 atque
500 3482 581 3552 illuc
612 3503 676 3576 per
709 3475 853 3550 Galliam
888 3491 923 3550 et
958 3474 1174 3552 Germaniam
1215 3520 1218 3528 ι

69 3601 268 3677 multimoda
301 3601 468 3674 divisione
505 3587 684 3673 distribuit.
756 3597 878 3696 anue
921 3600 1119 3673 conditione
1156 3629 1175 3672 a
1266 3643 1270 3652 ι

70 3750 156 3822 rego
177 3725 354 3822 proposita
377 3734 411 3794 et
436 3724 478 3794 ab
505 3721 571 3794 illis
596 3709 766 3828 suscepta,
791 3731 934 3794 tractum
952 3747 1016 3820 per
1041 3735 1093 3796 tot
1116 3749 1174 3792 an-
1266 3758 1269 3766 =

75 3876 276 3888 ι-ι-σ-υι--ι-

152 3963 183 4035 1)
202 3959 260 4019 All.
280 3957 425 4018 dederunt.
463 3991 502 4004 -
543 3959 575 4036 ²)
595 3957 642 4017 ΑΙ.
662 3955 773 4015 mollio.
865 3984 868 3992 ⁴

149 4056 184 4132 8)
203 4055 239 4113 In
260 4055 307 4114 all.
327 4055 410 4116 deest
426 4059 521 4130 proni.
577 4085 616 4098 -
678 4055 709 4132 ⁴)
728 4051 786 4110 All.
805 4039 939 4112 animari.
1047 4127 1049 4133 Ι

153 4151 184 4224 ⁵)
203 4149 261 4208 All.
279 4150 336 4208 rto.
1247 4208 1251 4221 ,

151 4245 184 4320 ⁰)
200 4243 346 4304 Seston.
373 4245 454 4319 Aug.
474 4265 499 4304 c.
517 4249 565 4308 20.
585 4244 701 4304 Perta:
746 4241 828 4302 Infra
848 4263 873 4300 c.
891 4243 944 4303 12:
967 4259 1027 4297 uno
1045 4251 1073 4297 et
1089 4261 1175 4320 quom

72 4359 124 4413 per
141 4361 174 4400 se
187 4354 315 4417 gesserat
332 4336 520 4416 expeditione.
558 4335 616 4397 All.
634 4337 727 4400 desolo.
848 4377 853 4388 ·
919 4387 922 4398 .
1075 4331 1077 4338 ¹
