2834 5090
304 593 396 649 '’ttutn
416 578 484 646 liliis
496 604 499 615 ·
513 579 573 642 suis
600 587 632 642 et
649 539 1073 662 endromidos-Francorum
1095 595 1222 638 manum
1241 577 1381 661 porrige·

293 679 406 764 rent,
424 693 464 748 et
478 683 577 764 ipsum
597 699 673 764 pro
679 677 794 742 iudicio
809 681 954 820 suffragii
973 677 1071 746 futuri
1092 671 1128 740 et²
1140 677 1336 741 liberationis
1348 679 1381 742 de

304 792 418 848 terra
425 783 578 846 leserunt.

283 883 523 954 Anasta-sius,
546 882 595 943 rit.
617 878 758 960 &spleni
776 879 820 943 ΙΙ.
842 880 955 961 Papae,
977 905 1025 964 up.
1049 879 1259 951 Muratori,
1280 879 1380 954 Sirini.

282 1009 340 1050 rer.
355 987 498 1055 italicar,
520 985 573 1062 ΙΙΙ,
595 983 679 1065 up.
695 983 755 1044 lut
778 981 896 1066 lolgd.
913 974 989 1056 (Dte
992 982 1206 1044 betreffenden
1216 983 1317 1044 Bnefe
1328 981 1382 1043 der

282 1089 396 1168 Ptpste
425 1083 561 1167 Stephun
589 1085 627 1145 ΙΙ.
662 1081 727 1145 und
755 1073 855 1144 Paul’s
886 1081 997 1144 sind'
988 1105 1020 1144 ιιι
1048 1082 1108 1150 den
1136 1083 1283 1164 Beilogeu
1311 1081 1381 1142 mit-

305 1187 433 1261 etheilt.)

284 1209 328 1330 d
366 1303 561 1357 emnmagnn
590 1280 771 1366 difficultate
795 1293 958 1364 suscepimus
984 1292 1030 1347 est
1051 1327 1121 1347 .....
1144 1276 1380 1363 proclamarem}
1406 1283 1407 1342 l

283 1389 344 1450 Dic
364 1377 560 1470 Riclttigkeit
582 1387 702 1448 dieser
699 1385 832 1468 Angabe
854 1385 923 1448 tritt
944 1385 1024 1448 auch
1046 1407 1099 1448 ans
1122 1385 1193 1448 dem
1215 1385 1381 1448 Geldoner-
1406 1399 1407 1404 ’

283 1489 389 1552 bieten
420 1487 551 1565 hervor,
585 1476 719 1552 welches
746 1485 859 1569 Pippin
891 1485 967 1552 dem
989 1486 1126 1550 Haistulf
1152 1487 1204 1548 fiir
1234 1485 1296 1546 den
1322 1482 1381 1544 Fall
1406 1511 1407 1540 ι

284 1589 418 1666 rnechte,
440 1586 514 1648 dass
527 1601 562 1648 er
583 1585 633 1648 die
644 1585 868 1669 Forderungen
882 1588 934 1651 des
947 1579 1073 1672 Papstes
1086 1587 1216 1650 erfnlleu
1229 1585 1337 1648 wisrde
1348 1571 1407 1660 ι);Ι

284 1688 358 1750 und
376 1687 432 1749 aui
454 1688 505 1748 ein
532 1685 691 1750 'thuliclses
721 1676 969 1772 selbststandiges
991 1691 1152 1751 Aul-treton
1179 1686 1235 1749 der
1262 1671 1407 1786 grossos}

284 1787 427 1850 Vasallen
452 1786 559 1850 deutet
580 1782 660 1851 auch
683 1787 748 1850 die
755 1785 932 1873 Erzahlung
955 1770 1008 1854 des
1022 1788 1154 1851 Miiuchs
1176 1807 1237 1851 von
1258 1787 1303 1850 St.
1313 1787 1407 1848 Gal

284 1887 334 1950 len
355 1889 418 1950 hin
431 1889 480 1968 (ll,
503 1890 571 1969 15),
593 1891 646 1954 liei
668 1887 793 1968 Perta,
815 1891 853 1965 Il,
874 1912 906 1974 p.
929 1891 1005 1954 7582

326 1989 493 2072 Comperto
517 1999 629 2069 autem,
652 1989 736 2074 quod
757 1989 905 2071 primates
927 1987 1076 2054 exercitus
1097 2008 1167 2052 eum
1179 1987 1323 2051 clanculo
1334 1987 1382 2049 dc-

327 2090 490 2173 spicientes
512 2111 642 2172 carpere
664 2091 809 2169 solerent,
830 2089 990 2174 praecepit
1011 2087 1259 2152 adducitaurmn
1270 2087 1382 2172 magni-

326 2189 436 2250 tudine
455 2189 631 2280 ¹terribilem
653 2200 685 2252 et
706 2190 813 2252 animis
835 2191 1072 2269 indomabilem,
1100 2189 1285 2274 leonemque
1306 2193 1382 2253 fero-

325 2288 482 2352 cissimum
503 2287 644 2374 inillam
665 2291 788 2355 dimitti.
833 2295 896 2374 Qui
922 2295 1039 2375 impetu
1059 2291 1245 2354 validissimo
1266 2291 1299 2352 in
1321 2311 1383 2353 eum

327 2389 460 2463 irruens,
483 2389 675 2472 apprehensa
697 2395 820 2457 cervice
840 2395 932 2474 tauri,
953 2395 1088 2486 proiecit
1099 2395 1130 2456 in
1142 2403 1267 2456 terram.
1300 2393 1383 2454 Tunc
1406 2417 1407 2482 ι

127 2487 129 2494 ’
182 2525 185 2535 ·
246 2529 247 2534 1
328 2508 382 2553 rex
403 2489 478 2552 dixit
499 2491 803 2556 adcircumstdntes:
826 2495 1050 2554 Abstraune
1071 2491 1407 2560 leonematauro,l

327 2592 385 2650 uei
404 2589 575 2650 occidite·
589 2613 667 2651 eum
686 2609 798 2672 super
816 2595 937 2654 iilum!
966 2597 1028 2674 Qni
1049 2604 1221 2678 spectantes
1241 2593 1283 2655 ad
1296 2594 1384 2655 alter·

327 2702 443 2769 utrum,
465 2693 694 2775 congelatisque
714 2693 905 2774 praecordiis
925 2697 1089 2778 pavefacti,
1110 2697 1159 2758 vix
1179 2695 1259 2756 haec
1276 2693 1384 2776 singul·
1406 2697 1407 2746 Ι

327 2791 424 2872 tando
447 2792 607 2852 mussitare
627 2801 811 2873 potuerunts
846 2794 1008 2869 Domine,
1034 2817 1103 2857 non
1130 2803 1186 2855 est
1206 2795 1310 2877 domo
1327 2790 1407 2876 sub]

247 2967 258 2992 N
327 2892 451 2962 caela,
483 2885 787 2970 quidecaudeai
814 2901 1019 2961 attentare.
1064 2893 1407 2988 Quoilleconfideng

328 2991 392 3052 tior
417 3011 581 3075 exsurgens
611 2991 650 3054 de
671 2992 804 3076 throno,
835 3007 866 3060 et
887 3009 1022 3062 extracta
1050 3009 1136 3079 spata
1157 3019 1217 3082 per
1238 2996 1385 3060 cervicem
1406 3049 1407 3058 ,

220 3131 224 3142 ·
328 3092 425 3154 leonis
448 3093 601 3160 ceruicem
622 3095 703 3155 tauri
726 3095 830 3158 divisit
851 3098 889 3159 ah
913 3099 1015 3177 armis,
1038 3108 1070 3160 ot
1090 3107 1177 3180 spata
1199 3099 1232 3160 in
1250 3097 1385 3180 vaginam

328 3194 464 3272 remissa,
480 3194 620 3256 consedit
634 3195 666 3254 in
678 3193 769 3256 solios
798 3192 959 3256 Videtur
974 3196 1086 3270 robis,
1107 3198 1259 3282 inquiens,
1276 3207 1384 3255 utrum
1406 3181 1407 3190 ¹

328 3293 491 3353 dominus
518 3301 643 3351 uester
674 3313 755 3352 esse
781 3297 940 3373 possim?
979 3297 1060 3358 Non
1087 3298 1271 3369 audistis,
1306 3293 1386 3377 quid

321 3389 467 3467 feeerit
488 3413 627 3468 paruus
646 3393 773 3454 Dauid
790 3397 935 3468 ingenti
951 3400 1013 3459 illi
1033 3397 1203 3469 Goliatir,
1232 3399 1292 3458 rel
1309 3398 1385 3455 bre.
1406 3473 1407 3476 Ἴ

165 3507 166 3517 ’
215 3564 219 3576 Ι
329 3492 496 3551 sissimus
517 3493 732 3556 Alexander
746 3498 1024 3577 procerissimis
1042 3497 1280 3560 satellitibus
1295 3495 1387 3558 suis?

358 3719 385 3790 ¹)
409 3723 480 3775 Abos
504 3723 616 3788 disselbe
633 3725 709 3780 Notis
725 3717 811 3782 findet
829 3727 883 3782 siclr
901 3730 968 3782 auch
985 3727 1117 3795 in'Bczug
1134 3731 1182 3782 auf
1195 3729 1259 3784 llari
1276 3733 1328 3784 den
1345 3727 1384 3780 Gr.

285 3805 341 3859 und
358 3805 516 3863 Desiderius.
546 3811 572 3864 S.
589 3808 725 3881 Suppiem.
742 3811 824 3874 Paul.
835 3812 965 3866 =Diaeoni
979 3812 1013 3867 de
1027 3815 1118 3884 germ
1133 3811 1384 3884 Langobardorum

285 3887 964 3969 hetFreuercorp.Harrr.Frenc.,p.1tu
998 3898 1167 3968 B'uuquet,
1186 3899 1217 3964 V,
1234 3919 1261 3970 p.
1280 3901 1338 3961 189,
1351 3898 1383 3948 D·

287 3974 439 4046 Confestim
462 3971 536 4028 idem
557 3982 718 4034 mansuum
743 3979 860 4034 Carolus
883 3981 1062 4036 Francorum
1083 3981 1151 4038 Rex
1174 3979 1288 4038 direxit
1306 3980 1384 4038 eidem

284 4058 432 4114 Desidemo
449 4074 511 4114 suos
527 4059 636 4128 Μίιιοι,
659 4065 812 4136 deprecans
829 4075 862 4120 ut
879 4064 985 4132 easdem
1001 4067 1036 4122 B.
1053 4067 1140 4132 Petro
1156 4069 1303 4140 Apostolo,
1326 4079 1385 4140 quus

49 4217 51 4228 Ι
170 4179 175 4192 ,
286 4140 452 4210 abstulerat,
466 4143 585 4228 pacfice
602 4145 733 4203 redderet
750 4151 885 4216 cr'ritutes
898 4156 1067 4224 promittens
1077 4156 1191 4224 insuper
1203 4171 1228 4207 er
1225 4152 1313 4208 dure
1326 4165 1385 4222 qua-

287 4221 438 4282 turariicc'enc
461 4221 550 4285 rni'ilrn
572 4229 729 4287 solrNJdarum
769 4235 946 4305 Αιιιιιιαιυ
974 4242 1034 4292 rita
1056 4235 1236 4304 Hadrisnni
1237 4261 1264 4311 p.
1282 4239 1332 4296 181
1350 4255 1385 4304 sp.

285 4305 480 4382 iturusne·
503 4339 528 4389 p.
545 4317 598 4376 24⁵
615 4315 654 4374 ed.
672 4317 810 4375 Bianohini
834 4323 931 4393 (linars.¹
941 4325 1024 4390 1718,
1034 4321 1164 4396 iol)
