2870 5086
591 451 671 544 or

70 619 214 707 solebat,
239 617 327 691 adeo
351 606 516 692 voluntati
550 623 623 694 eius
656 622 760 694 renisi
792 629 888 705 sunt,
913 628 967 708 ut,
995 643 1034 692 se
1055 632 1205 716 regem'
1264 631 1266 636 ’
1314 649 1318 664 ·

71 735 268 833 deserturos
295 738 501 839 domumque
530 741 700 814 redituros
731 739 839 814 libera
869 763 958 812 voce
988 741 1177 838 proclama·

71 870 161 930 rent:
195 871 394 958 susceptum
429 873 483 932 est
513 873 628 933 tamen
659 872 742 932 tnnc
774 872 893 932 contra
921 858 1178 982 Haistulluml)

71 1003 190 1076 regern
217 991 252 1050 et
278 980 455 1052 celerrime
482 981 699 1078 completum.
757 975 833 1052 Sed
857 979 940 1050 licet
964 982 1031 1053 sibi
1057 991 1093 1052 et
1117 1005 1178 1076 pa*

71 1101 114 1174 tri
139 1099 223 1172 belli
249 1099 461 1197 suscipiendi
485 1101 603 1172 similis
626 1125 666 1172 ac
688 1080 804 1198 potius
831 1098 952 1170 eadem
970 1125 1070 1172 causa
1095 1100 1178 1172 sub-

72 1245 151 1292 esse
175 1219 371 1310 videretur3
405 1219 495 1292 haud
525 1220 625 1292 simili
661 1231 774 1292 tamen
803 1230 838 1292 et
860 1220 979 1293 labore
1005 1229 1180 1306 certatum,
1202 1297 1204 1303 A

72 1345 124 1410 et'
145 1339 213 1410 line
247 1350 379 1410 constat
410 1365 487 1412 esse
526 1339 744 1437 completum.
808 1337 977 1438 Pippinus
1010 1336 1188 1437 siquidem*

69 1455 278 1539 Haistulsnm
318 1484 436 1556 regem
475 1485 662 1558 pancorum
704 1458 835 1532 dierum
870 1458 1053 1533 obsidione
1090 1455 1183 1556 apud

71 1573 292 1672 Ticennm2)
318 1579 483 1678 compulit
518 1591 554 1652 et
597 1563 739 1654 obsides
771 1579 851 1652 dare
885 1593 921 1652 et
956 1575 1182 1678 er'epta‘Ross

70 1697 180 1766 manis
206 1697 335 1796 oppida
359 1712 462 1798 atque
484 1701 622 1772 castella
638 1702 829 1789 restituere,
854 1713 968 1800 atque,
992 1710 1030 1772 ut
1046 1697 1182 1771 reddita

72 1840 144 1886 non
155 1829 402 1914 repeterentur,
427 1835 638 1892 sacramento
649 1819 751 1892 fidem
770 1820 901 1906 lacere3
925 1817 1075 1892 Karolns
1098 1843 1182 1890 vero
1313 1859 1317 1869 ·

74 1945 155 2029 post
180 1909 375 2008 inchoatum
405 1965 425 2010 a
457 1965 495 2012 se
530 1939 659 2014 bellum
686 1963 760 2009 non
787 1939 882 2044 prius
909 1937 1058 2025 destitit,
1084 1964 1185 2036 quam

8 2148 10 2161 Ι
75 2063 112 2122 et
136 2050 357 2129 Desiderium
383 2082 516 2154 regem,
551 2085 650 2159 quam
682 2058 786 2155 longa
812 2056 996 2132 obsidione
1021 2055 1186 2157 fatigave-

7 2186 12 2243 t
72 2183 137 2260 rat,
162 2177 197 2244 in
219 2175 430 2248 deditionem
456 2157 664 2276 susciperet,
695 2178 799 2250 filium
826 2180 900 2250 eius
924 2173 1187 2274 Adalgisum³)‚

8 2270 13 2367 l
75 2294 111 2364 in
140 2319 241 2391 quem
267 2321 348 2392 spes
371 2300 519 2370 omnium
543 2299 723 2370 inclinatae
745 2299 959 2384 videbantur,
984 2325 1055 2369 non
1076 2297 1209 2383 solum„
1256 2311 1260 2318 '

9 2374 14 2465 l
74 2437 206 2509 regno,
249 2414 313 2488 sed
344 2417 444 2486 etiam
469 2413 565 2488 Italia
597 2418 768 2490 excedere
802 2417 1042 2514 compelleret,
1075 2419 1188 2488 omnia

10 2543 11 2553 ’
75 2529 245 2632 Romanis
271 2547 389 2633 erepta
412 2537 618 2626 restitueret,
644 2533 958 2633 Hruodgausum4)
974 2534 1187 2608 Foroiuliani
1277 2545 1278 2548 ’

11 2685 15 2738 2,
79 2651 235 2726 ducatus¹
249 2656 478 2752 praelectum,
511 2681 568 2728 res
600 2683 706 2730 novas
736 2655 934 2728 molientem
970 2657 1189 2756 opprimeret,

11 2743 16 2875 l
78 2785 256 2873 totamque
281 2773 409 2847 ltaliam
442 2802 523 2848 suae
556 2776 677 2848 ditioni
709 2777 924 2873 subiugaret,
956 2759 1189 2874 abbactaequo

13 2880 16 2941 !
78 2893 184 2966 filium
215 2921 313 2966 suum
347 2890 534 2991 Pippinum
563 2921 682 2990 regem
716 2898 916 2994 imponeret.
977 2895 1106 2970 ltaliam
1136 2897 1189 2967 in-

79 3017 183 3086 tranti
204 3040 303 3113 qnam
330 3013 476 3087 difficilis
500 3011 641 3112 Alpium
666 3017 825 3087 transitus
856 3015 967 3103 luerit,
993 3027 1190 3115 quantoque

79 3131 293 3207 Francorum
318 3136 436 3208 labore
462 3138 551 3208 invia
575 3135 741 3206 montium
767 3134 847 3232 iuga
880 3147 916 3206 et
941 3139 1131 3206 eminentes
1155 3135 1191 3204 in

81 3240 220 3327 coelum
245 3257 379 3354 scopuli
400 3268 502 3355 atque
521 3279 661 3353 asperae
681 3265 798 3327 cautes
818 3265 997 3352 superatae
1023 3254 1099 3342 sint,
1123 3251 1192 3324 hoc

14 3310 19 3432 l
79 3376 164 3447 loco
191 3375 442 3464 describerem,
467 3377 533 3447 nisi
556 3377 647 3448 vitae
672 3375 761 3448 illius
786 3374 925 3446 modum
950 3374 1065 3471 potius
1092 3399 1192 3471 quam

81 3496 253 3570 bellorum
279 3521 366 3596 quae
382 3497 490 3594 gessit
503 3507 645 3568 eventus
665 3497 849 3566 memoriae
862 3493 897 3588 5)
921 3492 1080 3568 mandare
1093 3517 1192 3591 prae-

82 3618 175 3690 senti
201 3639 308 3715 opere
332 3617 443 3700 animo
471 3627 564 3690 esset
588 3617 811 3715 propositum.
849 3611 947 3687 Finis
960 3627 1072 3688 tamen
1093 3614 1193 3687 huius

85 3787 290 3800 -ι--ι--ι-

168 3884 200 3958 ¹)
219 3880 267 3944 ΑΙ.
286 3883 482 3966 Haletolficm.
521 3881 568 3942 al.
587 3881 764 3964 Aistulfum.

167 3978 200 4055 ²)
219 3978 278 4038 Al:
289 3979 435 4040 Ticinum.
475 4011 512 4026 ·-
554 3979 587 4056 ⁸)
606 3975 653 4037 Al.
672 3973 862 4052 Adaugtsom.
1152 4042 1156 4053 ,

169 4073 201 4150 ⁴)
220 4072 267 4132 Al.
287 4071 525 4149 Hmdgousmn,
545 4071 767 4148 Ruodgamum,
779 4069 991 4147 Benignissime,
1007 4061 1196 4140 Ruorhogno-

87 4189 164 4246 Μ’,
184 4167 397 4244 mem,
407 4168 609 4248 1³0di
621 4169 822 4248 Romanarum,
832 4159 1080 4266 Hruodgmsdum,
1093 4159 1196 4222 Ruod·

83 4261 314 4438 gmbblleest
331 4357 363 4419 in
384 4357 419 4418 al.
716 4321 719 4326 Ι
