2832 5088
721 375 807 446 lea

216 549 294 615 Will
306 571 377 612 man
391 550 477 610 einer
489 567 549 608 von
561 493 671 608 raras
683 547 722 622 ll,
739 567 770 628 p.
783 543 855 624 138,
869 551 934 606 not.
951 542 994 603 *14
1004 537 1212 624 anqeffihrten
1224 538 1331 604 Stalle

218 675 271 716 aus
298 649 430 713 Notkers
458 645 668 710 a'ltdeutscher
695 645 888 728 Paraplsrase
916 641 970 704 des
1003 639 1173 704 Martianus
1195 640 1333 724 Capella

96 789 98 796 ·
220 753 362 815 Glanbeu
384 749 565 826 heimessen,
587 768 620 828 so
643 767 748 808 waren
770 743 822 807 die
842 742 964 806 Wilseu
986 740 1297 838 Anthropophsgens

260 853 353 914 Cibus
374 848 476 910 heizet
496 867 606 928 graece
628 845 736 923 brosia,
758 843 881 907 dannan
904 843 965 912 siut
981 836 1146 904 amBroum
1165 841 1334 921 kanunot,

217 1008 219 1014 ,
263 951 314 1016 die
340 949 464 1010 hciaent
491 946 555 1008 ouh
584 945 829 1030 andropoplragi.
873 944 924 1006 Sie
946 947 1035 1006 esent
1056 942 1180 1020 nahtes,
1210 947 1256 1005 tes
1279 943 1334 1006 sie

263 1051 415 1132 sih=tdges
437 1049 558 1110 salman
580 1052 708 1130 mugen3
737 1047 801 1106 also
822 1066 894 1106 man
916 1043 999 1124 chit,
1027 1043 1084 1106 das
1105 1043 1170 1108 ouh
1192 1045 1332 1108 Banasa

262 1151 333 1214 hier
354 1150 386 1210 iu
407 1148 498 1210 lande
519 1148 605 1209 tiren.
647 1148 732 1209 Aber
751 1144 929 1224 Unelatabi,
950 1143 1000 1206 die
1022 1143 1054 1206 in
1077 1145 1243 1208 Germania
1265 1145 1331 1206 aia-

264 1260 349 1329 zent,
377 1249 419 1312 tie
439 1233 512 1312 uuir
531 1247 644 1310 Uullza
663 1245 790 1326 helsen,
818 1246 869 1308 die
890 1266 929 1308 ue
950 1249 1089 1308 sedarent
1109 1246 1156 1308 sih
1177 1245 1266 1308 nicht
1287 1269 1332 1308 au

266 1351 438 1419 chedeuue,
461 1347 517 1411 daz
535 1347 578 1410 sie
597 1349 646 1410 iro
663 1357 807 1431 parentes
822 1347 879 1410 mit
898 1345 1016 1408 merem
1037 1344 1127 1410 relate
1149 1350 1223 1410 esau
1244 1347 1331 1410 sullu

265 1453 367 1534 danna
389 1449 439 1524 die
459 1449 611 1512 Uudrme.

223 1552 313 1616 Auula
334 1551 431 1614 Adam
451 1571 513 1612 von
535 1549 677 1628 Bremen‚
700 1546 737 1608 de
756 1549 816 1608 ritu
835 1547 964 1628 Dandae,
986 1544 1016 1630 §.
1038 1549 1101 1614 228
1124 1544 1165 1632 [s.
1188 1548 1239 1612 die
1254 1549 1334 1612 Bei-

224 1647 334 1736 lagen]
356 1650 440 1713 weiss
462 1671 523 1711 von
546 1649 832 1734 Anthropophagen
854 1651 887 1712 iu
917 1650 979 1712 den
1006 1649 1153 1712 nordlich
1180 1670 1242 1712 von
1271 1648 1334 1712 der

227 1751 336 1814 Ostsee
356 1751 527 1836 helegenen
550 1749 695 1814 L'anderu
716 1775 755 1814 au
775 1752 951 1816 herichteu.
1051 1809 1053 1818 .

310 1851 419 1914 Ueber
439 1850 499 1912 deu
521 1851 619 1934 Krieg
640 1873 739 1936 gagen
759 1851 810 1914 die
832 1849 956 1914 Wilaen
978 1851 1021 1914 im
1041 1849 1136 1913 Jahre
1150 1851 1212 1912 789
1233 1873 1255 1913 s.
1281 1849 1335 1914 die

226 1952 365 2016 Annaleu
387 1973 449 2014 von
473 1951 615 2014 Einhard
633 1973 665 2034 p.
688 1953 763 2013 175:

267 2051 358 2115 Natio
381 2052 532 2136 quaedam
554 2052 757 2116 Slaveuorum
778 2061 825 2114 est
845 2051 877 2114 iu
900 2051 1081 2129 Germania,
1106 2049 1213 2114 sedens
1235 2069 1337 2132 super

267 2149 340 2214 litus
362 2151 480 2228 oceani,
503 2173 583 2234 quae
604 2153 731 2233 propria
752 2151 1036 2234 linguaWelatabi,
1056 2151 1208 2214 francisca
1225 2159 1335 2242 autem

269 2251 379 2312 wiltzi
395 2258 533 2312 vocatur.
568 2251 614 2312 Ea
625 2252 753 2314 Francis
772 2252 897 2340 'semper
918 2253 1050 2328 iniuriam
1072 2261 1104 2314 et
1125 2250 1241 2312 vicinos
1263 2273 1337 2314 suos

272 2352 324 2436 qui
341 2351 468 2414 Francis
490 2349 539 2412 vel
561 2351 692 2414 subiecti
714 2353 762 2414 vel
783 2353 935 2414 foederati
957 2362 1055 2430 erant,
1079 2351 1156 2412 odiis
1178 2353 1336 2434 insectari,

270 2453 417 2537 belloque
445 2474 588 2536 premere
614 2475 650 2516 ac
677 2453 820 2518 lacessire
848 2455 976 2516 solebat.
1020 2453 1112 2516 Cuius
1138 2453 1337 2534 insolentiam

270 2573 326 2615 rex
351 2555 471 2640 longius
501 2554 559 2615 sibi
588 2575 651 2617 non
677 2553 840 2616 ferendam
865 2564 968 2633 ratus,
1005 2554 1088 2618 bello
1116 2575 1184 2616 eam
1205 2554 1338 2637 adgredi

272 2655 388 2734 statuit,
410 2664 641 2738 conparataque
663 2655 780 2738 ingenti
802 2655 951 2730 exercitu,
973 2654 1117 2718 Rhenum
1138 2656 1221 2738 apud
1242 2657 1339 2720 Colo-

82 2809 86 2820 .
131 2765 134 2776 ¹
182 2817 190 2834 ,
272 2756 356 2816 niam
376 2757 507 2818 traiecit.
552 2755 629 2816 Inde
647 2775 706 2838 par
727 2754 889 2818 saxoniam
910 2755 971 2818 iter
992 2776 1103 2838 agens,
1130 2778 1202 2818 cum
1222 2757 1261 2818 ad
1283 2758 1340 2820 ΔΙ-

272 2853 358 2916 biam
384 2855 591 2936 pervenisset,
621 2855 727 2916 castris
754 2853 785 2915 in
814 2856 885 2938 ripa
912 2858 1036 2940 positis,
1067 2879 1189 2920 amnem
1216 2857 1340 2920 duobus

272 2955 420 3038 pontibus
456 2955 567 3034 iunxit,
602 2976 736 3039 qnorum
776 2953 884 3018 unuin'
901 2978 937 3020 ex
963 2966 1098 3042 utroque
1127 2961 1228 3040 capite
1255 2958 1338 3021 vallo

274 3056 416 3136 munivit,
439 3065 471 3117 et
491 3056 624 3140 inposito
646 3055 800 3138 praesidio
821 3057 964 3120 firmavit.
998 3059 1065 3140 Ipse
1080 3057 1174 3120 lluvio
1196 3059 1340 3132 transito,

276 3178 338 3240 quo
356 3156 563 3222 constituerat
584 3158 753 3219 exercitum
782 3156 882 3230 duait,
913 3143 1129 3242 ingressusque
1153 3155 1341 3220 Wiltzorum

274 3265 408 3337 terram,
441 3269 553 3320 cuncta
574 3258 658 3319 ferro
681 3266 712 3318 et
734 3256 796 3337 igni
817 3258 931 3320 vastari
951 3257 1046 3320 iussit.
1097 3258 1159 3320 Sed
1181 3279 1254 3340 gens
1277 3258 1341 3336 illa,

277 3361 414 3442 quamvis
435 3359 582 3421 bellicosa
608 3367 639 3420 et
660 3357 692 3418 in
714 3379 768 3418 sua
790 3359 1011 3420 numerositate
1033 3358 1209 3436 confidens,
1240 3357 1342 3440 impe-

277 3469 345 3522 tum
367 3462 517 3522 exercitus
539 3460 617 3544 regii
647 3458 701 3521 diu
722 3458 871 3522 sustinere
897 3481 959 3520 non
988 3459 1101 3537 valuit,
1133 3480 1170 3520 ac
1197 3459 1342 3539 proinde,

276 3553 507 3643 cumprimum
529 3557 685 3623 civitatem
699 3560 867 3644 Draguwiti
889 3570 1016 3624 ventum
1038 3569 1084 3622 cst
1097 3560 1220 3622 -nam
1241 3559 1267 3620 is
1289 3581 1344 3621 ce-

278 3660 354 3722 teris
375 3661 565 3724 Wiltzorum
592 3659 706 3743 regulis
728 3671 760 3722 et
781 3660 943 3722 nobilitate
965 3660 1085 3744 generis
1105 3669 1137 3720 et
1156 3661 1344 3722 auctoritate

280 3762 445 3824 senectutis
476 3761 567 3844 longe
594 3761 808 3844 praeminebat
833 3793 876 3804 —
903 3760 1055 3844 extemplo
1088 3781 1164 3822 cum
1199 3761 1344 3824 omuibus

279 3861 341 3926 suis
369 3859 409 3922 ad
434 3881 540 3942 regem
567 3861 606 3924 de
636 3862 761 3924 civitate
788 3861 956 3943 prooessit,
989 3859 1110 3924 obsides
1132 3861 1187 3943 qui
1208 3860 1347 3944 impera-

279 3963 398 4026 bantur
413 3937 524 4037 dedst,
546 3963 639 4025 fidem
660 3985 692 4025 se
713 3962 780 4046 regi
802 3983 838 4024 oc
860 3961 988 4024 Francis
1010 3970 1204 4022 servaturum
1225 3962 1347 4024 iureiu-

280 4061 381 4126 rando
410 4059 561 4142 promisit.
605 4067 706 4150 Quem
733 4064 831 4124 ceteri
857 4063 1020 4124 slavorum
1047 4061 1199 4142 primores
1227 4085 1264 4124 ac
1293 4085 1348 4128 re-

283 4165 347 4246 guli
369 4185 475 4227 omnes
497 4163 605 4234 secuti,
626 4165 707 4247 regis
729 4164 838 4226 ditioni
868 4185 899 4226 se
920 4161 1137 4226 subdiderunt·
1180 4165 1262 4226 Tum
1284 4165 1348 4244 ille,

285 4265 413 4328 subacto
447 4263 499 4327 illo
526 4264 642 4348 populo
671 4275 702 4326 et
735 4265 892 4330 obsidibus
920 4287 996 4348 quos
1025 4262 1101 4326 dara
1135 4264 1266 4328 iusserat
1294 4286 1351 4329 ac-
