<?xml version="1.0" encoding="UTF-8"?>
<!DOCTYPE html PUBLIC "-//W3C//DTD XHTML 1.0 Transitional//EN"
    "http://www.w3.org/TR/xhtml1/DTD/xhtml1-transitional.dtd">
<html xmlns="http://www.w3.org/1999/xhtml" xml:lang="en" lang="en">
 <head>
  <title>
</title>
<meta http-equiv="Content-Type" content="text/html;charset=utf-8" />
  <meta name='ocr-system' content='tesseract 3.04.00' />
  <meta name='ocr-capabilities' content='ocr_page ocr_carea ocr_par ocr_line ocrx_word'/>
</head>
<body>
  <div class='ocr_page' id='page_1' title='image "./lebenundwandelk01egingoog_0214.png"; bbox 0 0 2832 5088; ppageno 0'>
   <div class='ocr_carea' id='block_1_1' title="bbox 748 413 849 494">
    <p class='ocr_par' dir='ltr' id='par_1_1' title="bbox 748 413 849 494">
     <span class='ocr_line' id='line_1_1' title="bbox 748 413 849 494; baseline 0 -12"><span class='ocrx_word' id='word_1_1' title='bbox 748 413 849 494; x_wconf 68' lang='lat' dir='ltr'>,luo</span> 
     </span>
    </p>
   </div>
   <div class='ocr_carea' id='block_1_2' title="bbox 134 581 1404 4184">
    <p class='ocr_par' dir='ltr' id='par_1_2' title="bbox 134 581 1404 4184">
     <span class='ocr_line' id='line_1_2' title="bbox 377 581 1064 666; baseline -0.001 -22"><span class='ocrx_word' id='word_1_2' title='bbox 377 586 497 646; x_wconf 77' lang='lat' dir='ltr'><strong>Interea</strong></span> <span class='ocrx_word' id='word_1_3' title='bbox 519 601 641 644; x_wconf 85' lang='lat' dir='ltr'>suasere</span> <span class='ocrx_word' id='word_1_4' title='bbox 662 581 729 660; x_wconf 63' lang='lat' dir='ltr'>sibi5</span> <span class='ocrx_word' id='word_1_5' title='bbox 752 583 805 666; x_wconf 88' lang='lat' dir='ltr'>qui</span> <span class='ocrx_word' id='word_1_6' title='bbox 828 589 900 644; x_wconf 82' lang='lat' dir='ltr'>nota</span> <span class='ocrx_word' id='word_1_7' title='bbox 922 581 1064 646; x_wconf 82' lang='lat' dir='ltr'>serebant</span> 
     </span>
     <span class='ocr_line' id='line_1_3' title="bbox 375 681 1164 767; baseline -0.005 -21"><span class='ocrx_word' id='word_1_8' title='bbox 375 685 470 762; x_wconf 87' lang='lat' dir='ltr'><strong>Talia,</strong></span> <span class='ocrx_word' id='word_1_9' title='bbox 492 683 575 767; x_wconf 91' lang='lat' dir='ltr'>quod</span> <span class='ocrx_word' id='word_1_10' title='bbox 595 681 705 744; x_wconf 79' lang='lat' dir='ltr'>fluvios</span> <span class='ocrx_word' id='word_1_11' title='bbox 727 683 818 760; x_wconf 89' lang='lat' dir='ltr'>iuter,</span> <span class='ocrx_word' id='word_1_12' title='bbox 839 681 990 744; x_wconf 81' lang='lat' dir='ltr'>Redeutie</span> <span class='ocrx_word' id='word_1_13' title='bbox 1012 693 1164 765; x_wconf 81' lang='lat' dir='ltr'>quorum‘</span> 
     </span>
     <span class='ocr_line' id='line_1_4' title="bbox 298 779 1268 872; baseline -0.004 -26"><span class='ocrx_word' id='word_1_14' title='bbox 298 861 301 872; x_wconf 37' lang='grc'>1</span> <span class='ocrx_word' id='word_1_15' title='bbox 373 785 462 848; x_wconf 91' lang='lat' dir='ltr'>Unus</span> <span class='ocrx_word' id='word_1_16' title='bbox 482 784 578 846; x_wconf 89' lang='lat' dir='ltr'>habet</span> <span class='ocrx_word' id='word_1_17' title='bbox 599 804 722 857; x_wconf 81' lang='lat' dir='ltr'>nomen,</span> <span class='ocrx_word' id='word_1_18' title='bbox 744 783 798 845; x_wconf 92' lang='lat' dir='ltr'>sed</span> <span class='ocrx_word' id='word_1_19' title='bbox 821 793 852 844; x_wconf 88' lang='lat' dir='ltr'>et</span> <span class='ocrx_word' id='word_1_20' title='bbox 873 783 1020 844; x_wconf 80' lang='lat' dir='ltr'>Alcmona</span> <span class='ocrx_word' id='word_1_21' title='bbox 1038 781 1157 844; x_wconf 86' lang='lat' dir='ltr'>dicitur</span> <span class='ocrx_word' id='word_1_22' title='bbox 1178 779 1268 862; x_wconf 86' lang='lat' dir='ltr'>ulter,</span> 
     </span>
     <span class='ocr_line' id='line_1_5' title="bbox 375 883 1269 968; baseline -0.006 -23"><span class='ocrx_word' id='word_1_23' title='bbox 375 886 406 946; x_wconf 83' lang='lat' dir='ltr'>si</span> <span class='ocrx_word' id='word_1_24' title='bbox 430 886 520 946; x_wconf 87' lang='lat' dir='ltr'>fieret</span> <span class='ocrx_word' id='word_1_25' title='bbox 540 893 642 946; x_wconf 82' lang='lat' dir='ltr'>tantus</span> <span class='ocrx_word' id='word_1_26' title='bbox 664 887 743 946; x_wconf 85' lang='lat' dir='ltr'>fosso</span> <span class='ocrx_word' id='word_1_27' title='bbox 764 883 874 944; x_wconf 84' lang='lat' dir='ltr'>tellure</span> <span class='ocrx_word' id='word_1_28' title='bbox 901 892 1025 966; x_wconf 85' lang='lat' dir='ltr'>paratus</span> <span class='ocrx_word' id='word_1_29' title='bbox 1166 957 1171 968; x_wconf 87' lang='lat'><em>.</em></span> <span class='ocrx_word' id='word_1_30' title='bbox 1266 883 1269 888; x_wconf 82' lang='lat'>&#39;</span> 
     </span>
     <span class='ocr_line' id='line_1_6' title="bbox 374 972 1172 1065; baseline -0.003 -19"><span class='ocrx_word' id='word_1_31' title='bbox 374 987 493 1060; x_wconf 85' lang='lat' dir='ltr'>Alveus,</span> <span class='ocrx_word' id='word_1_32' title='bbox 516 983 648 1047; x_wconf 88' lang='lat' dir='ltr'>inductis</span> <span class='ocrx_word' id='word_1_33' title='bbox 677 972 783 1062; x_wconf 74' lang='lat' dir='ltr'>auibus</span> <span class='ocrx_word' id='word_1_34' title='bbox 810 983 884 1044; x_wconf 91' lang='lat' dir='ltr'>dum</span> <span class='ocrx_word' id='word_1_35' title='bbox 905 993 1048 1065; x_wconf 81' lang='lat' dir='ltr'>tangeret</span> <span class='ocrx_word' id='word_1_36' title='bbox 1069 1005 1172 1044; x_wconf 83' lang='lat' dir='ltr'>amnes</span> 
     </span>
     <span class='ocr_line' id='line_1_7' title="bbox 376 1085 1196 1167; baseline 0.001 -21"><span class='ocrx_word' id='word_1_37' title='bbox 376 1085 568 1167; x_wconf 71' lang='lat' dir='ltr'>Gurgitibus,</span> <span class='ocrx_word' id='word_1_38' title='bbox 589 1093 693 1166; x_wconf 85' lang='lat' dir='ltr'>posset</span> <span class='ocrx_word' id='word_1_39' title='bbox 712 1105 838 1166; x_wconf 85' lang='lat' dir='ltr'>puppes</span> <span class='ocrx_word' id='word_1_40' title='bbox 853 1093 888 1146; x_wconf 90' lang='lat' dir='ltr'>ut</span> <span class='ocrx_word' id='word_1_41' title='bbox 909 1085 993 1145; x_wconf 82' lang='lat' dir='ltr'>ferre</span> <span class='ocrx_word' id='word_1_42' title='bbox 1016 1093 1165 1162; x_wconf 84' lang='lat' dir='ltr'>natantes,</span> <span class='ocrx_word' id='word_1_43' title='bbox 1191 1113 1196 1120; x_wconf 92' lang='lat'><em>·</em></span> 
     </span>
     <span class='ocr_line' id='line_1_8' title="bbox 358 1185 1205 1261; baseline 0 -15"><span class='ocrx_word' id='word_1_44' title='bbox 358 1189 408 1246; x_wconf 91' lang='lat' dir='ltr'>-In</span> <span class='ocrx_word' id='word_1_45' title='bbox 432 1186 575 1246; x_wconf 86' lang='lat' dir='ltr'>Rhenum</span> <span class='ocrx_word' id='word_1_46' title='bbox 596 1185 635 1246; x_wconf 92' lang='lat' dir='ltr'>de</span> <span class='ocrx_word' id='word_1_47' title='bbox 656 1185 802 1246; x_wconf 85' lang='lat' dir='ltr'><strong>Danubio</strong></span> <span class='ocrx_word' id='word_1_48' title='bbox 823 1185 907 1246; x_wconf 89' lang='lat' dir='ltr'>celer</span> <span class='ocrx_word' id='word_1_49' title='bbox 928 1185 1115 1261; x_wconf 83' lang='lat' dir='ltr'>efficeretur,</span> <span class='ocrx_word' id='word_1_50' title='bbox 1199 1193 1205 1208; x_wconf 89' lang='lat'>&#39;</span> 
     </span>
     <span class='ocr_line' id='line_1_9' title="bbox 375 1283 1187 1370; baseline -0.006 -19"><span class='ocrx_word' id='word_1_51' title='bbox 375 1288 416 1351; x_wconf 88' lang='lat' dir='ltr'>Et</span> <span class='ocrx_word' id='word_1_52' title='bbox 437 1287 533 1348; x_wconf 82' lang='lat' dir='ltr'>facilis</span> <span class='ocrx_word' id='word_1_53' title='bbox 557 1307 663 1346; x_wconf 87' lang='lat' dir='ltr'>cursus</span> <span class='ocrx_word' id='word_1_54' title='bbox 685 1285 812 1346; x_wconf 85' lang='lat' dir='ltr'>ratibus.</span> <span class='ocrx_word' id='word_1_55' title='bbox 854 1283 1006 1346; x_wconf 80' lang='lat' dir='ltr'>Radautia</span> <span class='ocrx_word' id='word_1_56' title='bbox 1026 1306 1187 1370; x_wconf 41' lang='lat' dir='ltr'>namque„</span> 
     </span>
     <span class='ocr_line' id='line_1_10' title="bbox 377 1383 1170 1467; baseline 0 -19"><span class='ocrx_word' id='word_1_57' title='bbox 377 1389 416 1448; x_wconf 86' lang='lat' dir='ltr'>Se</span> <span class='ocrx_word' id='word_1_58' title='bbox 439 1387 555 1463; x_wconf 85' lang='lat' dir='ltr'>Moino‚</span> <span class='ocrx_word' id='word_1_59' title='bbox 578 1386 699 1447; x_wconf 87' lang='lat' dir='ltr'>Moinus</span> <span class='ocrx_word' id='word_1_60' title='bbox 721 1385 831 1458; x_wconf 81' lang='lat' dir='ltr'>Rheno</span> <span class='ocrx_word' id='word_1_61' title='bbox 853 1383 982 1445; x_wconf 86' lang='lat' dir='ltr'>miscere</span> <span class='ocrx_word' id='word_1_62' title='bbox 1003 1386 1170 1467; x_wconf 64' lang='lat' dir='ltr'>probatum</span> 
     </span>
     <span class='ocr_line' id='line_1_11' title="bbox 374 1484 1093 1551; baseline -0.007 -1"><span class='ocrx_word' id='word_1_63' title='bbox 374 1489 521 1551; x_wconf 84' lang='lat' dir='ltr'>Alcmona</span> <span class='ocrx_word' id='word_1_64' title='bbox 541 1485 678 1546; x_wconf 77' lang='lat' dir='ltr'>Danubii</span> <span class='ocrx_word' id='word_1_65' title='bbox 698 1485 814 1547; x_wconf 82' lang='lat' dir='ltr'>rabidis</span> <span class='ocrx_word' id='word_1_66' title='bbox 836 1484 973 1546; x_wconf 76' lang='lat' dir='ltr'><strong>illabitur</strong></span> <span class='ocrx_word' id='word_1_67' title='bbox 993 1485 1093 1548; x_wconf 89' lang='lat' dir='ltr'>undis.</span> 
     </span>
     <span class='ocr_line' id='line_1_12' title="bbox 372 1584 1165 1668; baseline 0 -19"><span class='ocrx_word' id='word_1_68' title='bbox 372 1588 540 1649; x_wconf 87' lang='lat' dir='ltr'>Consilium</span> <span class='ocrx_word' id='word_1_69' title='bbox 562 1585 691 1647; x_wconf 86' lang='lat' dir='ltr'>credens</span> <span class='ocrx_word' id='word_1_70' title='bbox 713 1586 807 1668; x_wconf 78' lang='lat' dir='ltr'>igitur</span> <span class='ocrx_word' id='word_1_71' title='bbox 828 1585 886 1646; x_wconf 89' lang='lat' dir='ltr'>sibi</span> <span class='ocrx_word' id='word_1_72' title='bbox 909 1584 1051 1646; x_wconf 87' lang='lat' dir='ltr'>dantibus</span> <span class='ocrx_word' id='word_1_73' title='bbox 1074 1587 1165 1661; x_wconf 82' lang='lat' dir='ltr'>istud,</span> 
     </span>
     <span class='ocr_line' id='line_1_13' title="bbox 375 1679 1239 1770; baseline 0.001 -22"><span class='ocrx_word' id='word_1_74' title='bbox 375 1691 443 1770; x_wconf 89' lang='lat' dir='ltr'>Ipse</span> <span class='ocrx_word' id='word_1_75' title='bbox 465 1687 567 1748; x_wconf 91' lang='lat' dir='ltr'>locum</span> <span class='ocrx_word' id='word_1_76' title='bbox 588 1679 731 1769; x_wconf 76' lang='lat' dir='ltr'>prInceps</span> <span class='ocrx_word' id='word_1_77' title='bbox 754 1687 842 1768; x_wconf 89' lang='lat' dir='ltr'>operi</span> <span class='ocrx_word' id='word_1_78' title='bbox 858 1707 956 1768; x_wconf 42' lang='lat' dir='ltr'>,quem</span> <span class='ocrx_word' id='word_1_79' title='bbox 978 1686 1112 1748; x_wconf 87' lang='lat' dir='ltr'>credidit</span> <span class='ocrx_word' id='word_1_80' title='bbox 1133 1697 1239 1770; x_wconf 87' lang='lat' dir='ltr'>aptum</span> 
     </span>
     <span class='ocr_line' id='line_1_14' title="bbox 151 1787 1154 1872; baseline 0 -23"><span class='ocrx_word' id='word_1_81' title='bbox 151 1819 153 1828; x_wconf 92' lang='lat'>·</span> <span class='ocrx_word' id='word_1_82' title='bbox 229 1789 232 1799; x_wconf 54' lang='lat'>¹</span> <span class='ocrx_word' id='word_1_83' title='bbox 281 1845 294 1872; x_wconf 28' lang='grc' dir='ltr'>κ</span> <span class='ocrx_word' id='word_1_84' title='bbox 372 1788 507 1870; x_wconf 85' lang='lat' dir='ltr'>Expetiit</span> <span class='ocrx_word' id='word_1_85' title='bbox 527 1796 625 1860; x_wconf 86' lang='lat' dir='ltr'>tauto,</span> <span class='ocrx_word' id='word_1_86' title='bbox 646 1787 748 1848; x_wconf 84' lang='lat' dir='ltr'>multis</span> <span class='ocrx_word' id='word_1_87' title='bbox 771 1807 894 1870; x_wconf 86' lang='lat' dir='ltr'>quoque</span> <span class='ocrx_word' id='word_1_88' title='bbox 915 1787 1048 1849; x_wconf 90' lang='lat' dir='ltr'>millibus</span> <span class='ocrx_word' id='word_1_89' title='bbox 1071 1789 1154 1860; x_wconf 65' lang='lat' dir='ltr'>illuc.</span> 
     </span>
     <span class='ocr_line' id='line_1_15' title="bbox 375 1887 1130 1970; baseline 0.001 -21"><span class='ocrx_word' id='word_1_90' title='bbox 375 1887 542 1950; x_wconf 89' lang='lat' dir='ltr'>Conductis</span> <span class='ocrx_word' id='word_1_91' title='bbox 565 1895 774 1970; x_wconf 80' lang='lat' dir='ltr'><strong>operatorum,</strong></span> <span class='ocrx_word' id='word_1_92' title='bbox 797 1888 887 1948; x_wconf 83' lang='lat' dir='ltr'>simui</span> <span class='ocrx_word' id='word_1_93' title='bbox 908 1888 1010 1948; x_wconf 86' lang='lat' dir='ltr'>omnin</span> <span class='ocrx_word' id='word_1_94' title='bbox 1032 1909 1130 1969; x_wconf 85' lang='lat' dir='ltr'>paene</span> 
     </span>
     <span class='ocr_line' id='line_1_16' title="bbox 289 1977 1107 2070; baseline -0.004 -18"><span class='ocrx_word' id='word_1_95' title='bbox 289 1977 295 1996; x_wconf 61' lang='lat'><em>¹</em></span> <span class='ocrx_word' id='word_1_96' title='bbox 376 1988 522 2052; x_wconf 79' lang='lat' dir='ltr'>Autumni</span> <span class='ocrx_word' id='word_1_97' title='bbox 543 1989 644 2049; x_wconf 86' lang='lat' dir='ltr'>studio</span> <span class='ocrx_word' id='word_1_98' title='bbox 665 1989 831 2050; x_wconf 85' lang='lat' dir='ltr'>consumsit</span> <span class='ocrx_word' id='word_1_99' title='bbox 852 1999 993 2070; x_wconf 87' lang='lat' dir='ltr'>tempore</span> <span class='ocrx_word' id='word_1_100' title='bbox 1015 2010 1107 2050; x_wconf 91' lang='lat' dir='ltr'>casso.</span> 
     </span>
     <span class='ocr_line' id='line_1_17' title="bbox 179 2087 1249 2170; baseline -0.004 -18"><span class='ocrx_word' id='word_1_101' title='bbox 179 2121 186 2130; x_wconf 80' lang='lat'><em>·</em></span> <span class='ocrx_word' id='word_1_102' title='bbox 254 2141 260 2153; x_wconf 78' lang='grc'><strong>.</strong></span> <span class='ocrx_word' id='word_1_103' title='bbox 374 2094 537 2152; x_wconf 84' lang='lat' dir='ltr'>Attamen</span> <span class='ocrx_word' id='word_1_104' title='bbox 559 2088 590 2149; x_wconf 89' lang='lat' dir='ltr'>in</span> <span class='ocrx_word' id='word_1_105' title='bbox 613 2089 740 2170; x_wconf 82' lang='lat' dir='ltr'>longum</span> <span class='ocrx_word' id='word_1_106' title='bbox 760 2109 863 2170; x_wconf 88' lang='lat' dir='ltr'>passus</span> <span class='ocrx_word' id='word_1_107' title='bbox 886 2088 948 2170; x_wconf 89' lang='lat' dir='ltr'>duo</span> <span class='ocrx_word' id='word_1_108' title='bbox 969 2089 1064 2150; x_wconf 88' lang='lat' dir='ltr'>millia</span> <span class='ocrx_word' id='word_1_109' title='bbox 1086 2087 1176 2162; x_wconf 76' lang='lat' dir='ltr'>ducto</span> <span class='ocrx_word' id='word_1_110' title='bbox 1247 2161 1249 2166; x_wconf 21' lang='grc' dir='ltr'>Ι</span> 
     </span>
     <span class='ocr_line' id='line_1_18' title="bbox 373 2188 1149 2270; baseline 0 -21"><span class='ocrx_word' id='word_1_111' title='bbox 373 2191 467 2250; x_wconf 82' lang='lat' dir='ltr'><strong>Fossa</strong></span> <span class='ocrx_word' id='word_1_112' title='bbox 489 2189 556 2264; x_wconf 85' lang='lat' dir='ltr'>fuit,</span> <span class='ocrx_word' id='word_1_113' title='bbox 579 2188 708 2268; x_wconf 89' lang='lat' dir='ltr'>pedibus</span> <span class='ocrx_word' id='word_1_114' title='bbox 725 2198 905 2251; x_wconf 88' lang='lat' dir='ltr'>&#39;tercentum</span> <span class='ocrx_word' id='word_1_115' title='bbox 932 2191 993 2252; x_wconf 84' lang='lat' dir='ltr'>lata</span> <span class='ocrx_word' id='word_1_116' title='bbox 1014 2191 1149 2270; x_wconf 87' lang='lat' dir='ltr'>petebat.</span> 
     </span>
     <span class='ocr_line' id='line_1_19' title="bbox 375 2289 1198 2372; baseline 0.001 -21"><span class='ocrx_word' id='word_1_117' title='bbox 375 2290 436 2351; x_wconf 89' lang='lat' dir='ltr'>Sed</span> <span class='ocrx_word' id='word_1_118' title='bbox 460 2311 520 2350; x_wconf 91' lang='lat' dir='ltr'>nou</span> <span class='ocrx_word' id='word_1_119' title='bbox 543 2289 716 2370; x_wconf 82' lang='lat' dir='ltr'>perfectum</span> <span class='ocrx_word' id='word_1_120' title='bbox 737 2298 862 2370; x_wconf 85' lang='lat' dir='ltr'>poterat</span> <span class='ocrx_word' id='word_1_121' title='bbox 883 2293 1049 2354; x_wconf 79' lang='lat' dir='ltr'>consistere</span> <span class='ocrx_word' id='word_1_122' title='bbox 1070 2311 1198 2372; x_wconf 88' lang='lat' dir='ltr'>prorsus</span> 
     </span>
     <span class='ocr_line' id='line_1_20' title="bbox 373 2373 1230 2474; baseline -0.001 -21"><span class='ocrx_word' id='word_1_123' title='bbox 373 2393 444 2453; x_wconf 89' lang='lat' dir='ltr'>Hoc</span> <span class='ocrx_word' id='word_1_124' title='bbox 466 2409 553 2472; x_wconf 87' lang='lat' dir='ltr'>opus,</span> <span class='ocrx_word' id='word_1_125' title='bbox 576 2389 711 2452; x_wconf 85' lang='lat' dir='ltr'>assiduus</span> <span class='ocrx_word' id='word_1_126' title='bbox 734 2391 880 2474; x_wconf 86' lang='lat' dir='ltr'>quoniam</span> <span class='ocrx_word' id='word_1_127' title='bbox 900 2373 989 2453; x_wconf 75' lang='lat' dir='ltr'>nimis</span> <span class='ocrx_word' id='word_1_128' title='bbox 1012 2391 1100 2453; x_wconf 84' lang='lat' dir='ltr'>offuit</span> <span class='ocrx_word' id='word_1_129' title='bbox 1121 2391 1230 2469; x_wconf 84' lang='lat' dir='ltr'>imber,</span> 
     </span>
     <span class='ocr_line' id='line_1_21' title="bbox 371 2491 1066 2570; baseline -0.003 -15"><span class='ocrx_word' id='word_1_130' title='bbox 371 2495 414 2555; x_wconf 86' lang='lat' dir='ltr'>Et</span> <span class='ocrx_word' id='word_1_131' title='bbox 435 2491 580 2553; x_wconf 82' lang='lat' dir='ltr'>naturalis</span> <span class='ocrx_word' id='word_1_132' title='bbox 601 2501 718 2552; x_wconf 87' lang='lat' dir='ltr'>terram</span> <span class='ocrx_word' id='word_1_133' title='bbox 739 2491 919 2555; x_wconf 82' lang='lat' dir='ltr'>dissolverat</span> <span class='ocrx_word' id='word_1_134' title='bbox 943 2491 1066 2570; x_wconf 84' lang='lat' dir='ltr'>humor,</span> 
     </span>
     <span class='ocr_line' id='line_1_22' title="bbox 278 2591 1108 2684; baseline -0.001 -29"><span class='ocrx_word' id='word_1_135' title='bbox 278 2667 283 2684; x_wconf 21' lang='grc' dir='ltr'>κ</span> <span class='ocrx_word' id='word_1_136' title='bbox 373 2595 580 2678; x_wconf 63' lang='lat' dir='ltr'>Egestumque</span> <span class='ocrx_word' id='word_1_137' title='bbox 601 2591 660 2652; x_wconf 80' lang='lat' dir='ltr'>fuit</span> <span class='ocrx_word' id='word_1_138' title='bbox 680 2599 829 2674; x_wconf 79' lang='lat' dir='ltr'>quantum</span> <span class='ocrx_word' id='word_1_139' title='bbox 850 2593 963 2654; x_wconf 90' lang='lat' dir='ltr'>sudore</span> <span class='ocrx_word' id='word_1_140' title='bbox 985 2595 1108 2672; x_wconf 89' lang='lat' dir='ltr'>diurno,</span> 
     </span>
     <span class='ocr_line' id='line_1_23' title="bbox 174 2692 1197 2775; baseline -0.004 -15"><span class='ocrx_word' id='word_1_141' title='bbox 174 2749 177 2760; x_wconf 93' lang='lat'><em>.</em></span> <span class='ocrx_word' id='word_1_142' title='bbox 212 2717 216 2733; x_wconf 78' lang='grc'><em>·</em></span> <span class='ocrx_word' id='word_1_143' title='bbox 297 2717 306 2742; x_wconf 56' lang='lat' dir='ltr'><strong>a</strong></span> <span class='ocrx_word' id='word_1_144' title='bbox 372 2698 489 2756; x_wconf 87' lang='lat' dir='ltr'>Rursus</span> <span class='ocrx_word' id='word_1_145' title='bbox 510 2692 597 2770; x_wconf 79' lang='lat' dir='ltr'>humi</span> <span class='ocrx_word' id='word_1_146' title='bbox 619 2701 740 2752; x_wconf 85' lang='lat' dir='ltr'>tautum</span> <span class='ocrx_word' id='word_1_147' title='bbox 761 2693 855 2754; x_wconf 88' lang='lat' dir='ltr'>rediit</span> <span class='ocrx_word' id='word_1_148' title='bbox 877 2695 933 2755; x_wconf 88' lang='lat' dir='ltr'>sub</span> <span class='ocrx_word' id='word_1_149' title='bbox 957 2703 1048 2756; x_wconf 87' lang='lat' dir='ltr'>nocte</span> <span class='ocrx_word' id='word_1_150' title='bbox 1069 2694 1197 2775; x_wconf 86' lang='lat' dir='ltr'>relapsa.</span> 
     </span>
     <span class='ocr_line' id='line_1_24' title="bbox 375 2787 1345 2877; baseline 0.004 -22"><span class='ocrx_word' id='word_1_151' title='bbox 375 2796 512 2877; x_wconf 89' lang='lat' dir='ltr'>Cumque</span> <span class='ocrx_word' id='word_1_152' title='bbox 534 2787 633 2853; x_wconf 83' lang='lat' dir='ltr'>lutum</span> <span class='ocrx_word' id='word_1_153' title='bbox 654 2813 775 2875; x_wconf 87' lang='lat' dir='ltr'>semper</span> <span class='ocrx_word' id='word_1_154' title='bbox 795 2792 925 2856; x_wconf 87' lang='lat' dir='ltr'>madidis</span> <span class='ocrx_word' id='word_1_155' title='bbox 945 2793 1135 2858; x_wconf 78' lang='lat' dir='ltr'>incresceret</span> <span class='ocrx_word' id='word_1_156' title='bbox 1154 2796 1246 2874; x_wconf 82' lang='lat' dir='ltr'>arvis,</span> <span class='ocrx_word' id='word_1_157' title='bbox 1339 2814 1345 2832; x_wconf 85' lang='lat'><em>¹</em></span> 
     </span>
     <span class='ocr_line' id='line_1_25' title="bbox 316 2895 1122 2980; baseline 0 -24"><span class='ocrx_word' id='word_1_158' title='bbox 316 2919 326 2945; x_wconf 58' lang='grc' dir='ltr'><em>ι</em></span> <span class='ocrx_word' id='word_1_159' title='bbox 373 2895 483 2956; x_wconf 84' lang='lat' dir='ltr'>Alveus</span> <span class='ocrx_word' id='word_1_160' title='bbox 507 2903 538 2955; x_wconf 88' lang='lat' dir='ltr'>et</span> <span class='ocrx_word' id='word_1_161' title='bbox 558 2895 648 2954; x_wconf 88' lang='lat' dir='ltr'>firmo</span> <span class='ocrx_word' id='word_1_162' title='bbox 671 2902 828 2979; x_wconf 83' lang='lat' dir='ltr'>constaret</span> <span class='ocrx_word' id='word_1_163' title='bbox 849 2895 941 2957; x_wconf 89' lang='lat' dir='ltr'>litore</span> <span class='ocrx_word' id='word_1_164' title='bbox 961 2917 1122 2980; x_wconf 89' lang='lat' dir='ltr'>nusquam,</span> 
     </span>
     <span class='ocr_line' id='line_1_26' title="bbox 375 2995 1180 3080; baseline 0.002 -24"><span class='ocrx_word' id='word_1_165' title='bbox 375 2997 438 3056; x_wconf 90' lang='lat' dir='ltr'>Ima</span> <span class='ocrx_word' id='word_1_166' title='bbox 459 3005 567 3077; x_wconf 85' lang='lat' dir='ltr'>petens</span> <span class='ocrx_word' id='word_1_167' title='bbox 590 2995 735 3055; x_wconf 88' lang='lat' dir='ltr'>immensa</span> <span class='ocrx_word' id='word_1_168' title='bbox 757 2996 843 3075; x_wconf 81' lang='lat' dir='ltr'>palus</span> <span class='ocrx_word' id='word_1_169' title='bbox 865 3017 922 3080; x_wconf 89' lang='lat' dir='ltr'>per</span> <span class='ocrx_word' id='word_1_170' title='bbox 943 2997 1063 3058; x_wconf 84' lang='lat' dir='ltr'>lubrica</span> <span class='ocrx_word' id='word_1_171' title='bbox 1085 2995 1180 3075; x_wconf 82' lang='lat' dir='ltr'>fluxit,</span> 
     </span>
     <span class='ocr_line' id='line_1_27' title="bbox 374 3095 1211 3160; baseline 0.004 -3"><span class='ocrx_word' id='word_1_172' title='bbox 374 3100 417 3157; x_wconf 83' lang='lat' dir='ltr'>Ao</span> <span class='ocrx_word' id='word_1_173' title='bbox 439 3095 567 3158; x_wconf 88' lang='lat' dir='ltr'>densum</span> <span class='ocrx_word' id='word_1_174' title='bbox 589 3096 750 3158; x_wconf 86' lang='lat' dir='ltr'>scrobibus</span> <span class='ocrx_word' id='word_1_175' title='bbox 772 3117 902 3158; x_wconf 88' lang='lat' dir='ltr'>caenum</span> <span class='ocrx_word' id='word_1_176' title='bbox 922 3097 1059 3160; x_wconf 81' lang='lat' dir='ltr'>subsedit</span> <span class='ocrx_word' id='word_1_177' title='bbox 1081 3098 1211 3160; x_wconf 68' lang='lat' dir='ltr'>iu&#39;altis.</span> 
     </span>
     <span class='ocr_line' id='line_1_28' title="bbox 248 3194 1350 3281; baseline 0 -22"><span class='ocrx_word' id='word_1_178' title='bbox 248 3194 353 3281; x_wconf 79' lang='lat' dir='ltr'>Vergl.</span> <span class='ocrx_word' id='word_1_179' title='bbox 377 3198 539 3260; x_wconf 87' lang='lat' dir='ltr'>Einhard’s</span> <span class='ocrx_word' id='word_1_180' title='bbox 561 3197 667 3258; x_wconf 82' lang='lat' dir='ltr'>Annal.</span> <span class='ocrx_word' id='word_1_181' title='bbox 689 3197 760 3272; x_wconf 85' lang='grc'>793,</span> <span class='ocrx_word' id='word_1_182' title='bbox 782 3217 812 3276; x_wconf 89' lang='lat' dir='ltr'>p.</span> <span class='ocrx_word' id='word_1_183' title='bbox 836 3197 907 3258; x_wconf 89' lang='grc'>179.</span> <span class='ocrx_word' id='word_1_184' title='bbox 940 3197 1133 3276; x_wconf 72' lang='lat' dir='ltr'>Auentini,</span> <span class='ocrx_word' id='word_1_185' title='bbox 1161 3197 1264 3260; x_wconf 70' lang='lat' dir='ltr'>Ausul.</span> <span class='ocrx_word' id='word_1_186' title='bbox 1289 3199 1350 3259; x_wconf 84' lang='lat' dir='ltr'>Bo-</span> 
     </span>
     <span class='ocr_line' id='line_1_29' title="bbox 247 3292 1350 3375; baseline 0.003 -21"><span class='ocrx_word' id='word_1_187' title='bbox 247 3299 355 3375; x_wconf 83' lang='lat' dir='ltr'>iorum,</span> <span class='ocrx_word' id='word_1_188' title='bbox 384 3299 443 3375; x_wconf 82' lang='lat' dir='ltr'>IV,</span> <span class='ocrx_word' id='word_1_189' title='bbox 472 3301 501 3358; x_wconf 80' lang='grc'>5.</span> <span class='ocrx_word' id='word_1_190' title='bbox 549 3295 591 3354; x_wconf 85' lang='lat' dir='ltr'>ab</span> <span class='ocrx_word' id='word_1_191' title='bbox 619 3292 793 3373; x_wconf 72' lang='lat' dir='ltr'>Eetion,</span> <span class='ocrx_word' id='word_1_192' title='bbox 825 3295 1015 3359; x_wconf 74' lang='lat' dir='ltr'>Commentar.</span> <span class='ocrx_word' id='word_1_193' title='bbox 1051 3298 1087 3356; x_wconf 85' lang='lat' dir='ltr'>de</span> <span class='ocrx_word' id='word_1_194' title='bbox 1113 3297 1173 3359; x_wconf 82' lang='lat' dir='ltr'>reb.</span> <span class='ocrx_word' id='word_1_195' title='bbox 1203 3298 1350 3359; x_wconf 72' lang='lat' dir='ltr'>Francius</span> 
     </span>
     <span class='ocr_line' id='line_1_30' title="bbox 134 3394 1350 3480; baseline 0.009 -27"><span class='ocrx_word' id='word_1_196' title='bbox 134 3397 142 3415; x_wconf 66' lang='lat'>⁸</span> <span class='ocrx_word' id='word_1_197' title='bbox 248 3397 380 3456; x_wconf 82' lang='lat' dir='ltr'>oriental.</span> <span class='ocrx_word' id='word_1_198' title='bbox 402 3399 503 3476; x_wconf 88' lang='lat' dir='ltr'>XXV,</span> <span class='ocrx_word' id='word_1_199' title='bbox 525 3399 575 3459; x_wconf 80' lang='lat'>55.</span> <span class='ocrx_word' id='word_1_200' title='bbox 598 3394 667 3460; x_wconf 89' lang='lat' dir='ltr'>Vol.</span> <span class='ocrx_word' id='word_1_201' title='bbox 681 3399 704 3474; x_wconf 90' lang='lat'>1,</span> <span class='ocrx_word' id='word_1_202' title='bbox 726 3419 757 3478; x_wconf 90' lang='lat' dir='ltr'>p.</span> <span class='ocrx_word' id='word_1_203' title='bbox 771 3399 833 3458; x_wconf 87' lang='grc'>749</span> <span class='ocrx_word' id='word_1_204' title='bbox 856 3397 950 3480; x_wconf 84' lang='lat' dir='ltr'>folgd.</span> <span class='ocrx_word' id='word_1_205' title='bbox 980 3399 1026 3460; x_wconf 84' lang='lat' dir='ltr'>Es</span> <span class='ocrx_word' id='word_1_206' title='bbox 1048 3397 1143 3461; x_wconf 89' lang='lat' dir='ltr'>sollen</span> <span class='ocrx_word' id='word_1_207' title='bbox 1167 3403 1248 3463; x_wconf 92' lang='lat' dir='ltr'>noch</span> <span class='ocrx_word' id='word_1_208' title='bbox 1270 3402 1350 3465; x_wconf 89' lang='lat' dir='ltr'>beu-</span> 
     </span>
     <span class='ocr_line' id='line_1_31' title="bbox 164 3494 1350 3580; baseline 0.008 -24"><span class='ocrx_word' id='word_1_209' title='bbox 164 3563 168 3576; x_wconf 21' lang='grc' dir='ltr'><em>Ι</em></span> <span class='ocrx_word' id='word_1_210' title='bbox 200 3532 204 3544; x_wconf 40' lang='grc' dir='ltr'>κ</span> <span class='ocrx_word' id='word_1_211' title='bbox 249 3497 332 3578; x_wconf 83' lang='lat' dir='ltr'>tigen</span> <span class='ocrx_word' id='word_1_212' title='bbox 344 3499 442 3580; x_wconf 84' lang='lat' dir='ltr'>Tages</span> <span class='ocrx_word' id='word_1_213' title='bbox 460 3499 580 3580; x_wconf 89' lang='lat' dir='ltr'>Spurcn</span> <span class='ocrx_word' id='word_1_214' title='bbox 599 3496 686 3578; x_wconf 79' lang='lat' dir='ltr'>jener</span> <span class='ocrx_word' id='word_1_215' title='bbox 700 3494 792 3573; x_wconf 87' lang='lat' dir='ltr'>fossa</span> <span class='ocrx_word' id='word_1_216' title='bbox 808 3496 943 3556; x_wconf 85' lang='lat' dir='ltr'>Corolina</span> <span class='ocrx_word' id='word_1_217' title='bbox 964 3498 1144 3560; x_wconf 82' lang='lat' dir='ltr'>vbrhauden</span> <span class='ocrx_word' id='word_1_218' title='bbox 1170 3502 1245 3580; x_wconf 85' lang='lat' dir='ltr'>sein,</span> <span class='ocrx_word' id='word_1_219' title='bbox 1269 3504 1350 3565; x_wconf 80' lang='lat' dir='ltr'>iiber</span> 
     </span>
     <span class='ocr_line' id='line_1_32' title="bbox 249 3590 1350 3680; baseline 0.007 -22"><span class='ocrx_word' id='word_1_220' title='bbox 249 3597 299 3658; x_wconf 88' lang='lat' dir='ltr'>die</span> <span class='ocrx_word' id='word_1_221' title='bbox 317 3590 471 3658; x_wconf 77' lang='lat' dir='ltr'>¹Doderliu</span> <span class='ocrx_word' id='word_1_222' title='bbox 494 3599 602 3675; x_wconf 83' lang='grc'>(1705)</span> <span class='ocrx_word' id='word_1_223' title='bbox 625 3599 689 3660; x_wconf 91' lang='lat' dir='ltr'>und</span> <span class='ocrx_word' id='word_1_224' title='bbox 708 3599 815 3680; x_wconf 84' lang='lat' dir='ltr'>Zippel</span> <span class='ocrx_word' id='word_1_225' title='bbox 839 3597 940 3674; x_wconf 80' lang='lat'>(1726)</span> <span class='ocrx_word' id='word_1_226' title='bbox 961 3600 1350 3666; x_wconf 80' lang='lat' dir='ltr'>besoudereAbhandiun-</span> 
     </span>
     <span class='ocr_line' id='line_1_33' title="bbox 249 3696 1350 3789; baseline 0.008 -32"><span class='ocrx_word' id='word_1_227' title='bbox 249 3717 307 3777; x_wconf 84' lang='lat' dir='ltr'>gen</span> <span class='ocrx_word' id='word_1_228' title='bbox 331 3696 531 3773; x_wconf 80' lang='lat' dir='ltr'>gescbrieben</span> <span class='ocrx_word' id='word_1_229' title='bbox 553 3699 672 3776; x_wconf 86' lang='lat' dir='ltr'>haben,</span> <span class='ocrx_word' id='word_1_230' title='bbox 710 3699 760 3760; x_wconf 85' lang='lat' dir='ltr'>dic</span> <span class='ocrx_word' id='word_1_231' title='bbox 788 3701 848 3760; x_wconf 86' lang='lat' dir='ltr'>mir</span> <span class='ocrx_word' id='word_1_232' title='bbox 875 3701 950 3761; x_wconf 86' lang='lat' dir='ltr'>aber</span> <span class='ocrx_word' id='word_1_233' title='bbox 979 3701 1066 3762; x_wconf 90' lang='lat' dir='ltr'>nicht</span> <span class='ocrx_word' id='word_1_234' title='bbox 1088 3725 1125 3762; x_wconf 82' lang='lat' dir='ltr'>uu</span> <span class='ocrx_word' id='word_1_235' title='bbox 1143 3704 1273 3764; x_wconf 81' lang='lat' dir='ltr'>Gesicbt</span> <span class='ocrx_word' id='word_1_236' title='bbox 1296 3727 1350 3789; x_wconf 79' lang='lat' dir='ltr'>gc-</span> 
     </span>
     <span class='ocr_line' id='line_1_34' title="bbox 140 3797 1404 3880; baseline 0.002 -22"><span class='ocrx_word' id='word_1_237' title='bbox 140 3871 146 3880; x_wconf 36' lang='lat'>·</span> <span class='ocrx_word' id='word_1_238' title='bbox 199 3835 202 3842; x_wconf 87' lang='lat'>·</span> <span class='ocrx_word' id='word_1_239' title='bbox 248 3817 392 3858; x_wconf 90' lang='lat' dir='ltr'>nommcn</span> <span class='ocrx_word' id='word_1_240' title='bbox 422 3798 497 3859; x_wconf 89' lang='lat' dir='ltr'>siud.</span> <span class='ocrx_word' id='word_1_241' title='bbox 542 3800 572 3860; x_wconf 89' lang='lat' dir='ltr'>S.</span> <span class='ocrx_word' id='word_1_242' title='bbox 596 3799 676 3860; x_wconf 89' lang='lat' dir='ltr'>noch</span> <span class='ocrx_word' id='word_1_243' title='bbox 700 3798 850 3872; x_wconf 81' lang='lat' dir='ltr'>Daniel,</span> <span class='ocrx_word' id='word_1_244' title='bbox 882 3797 1013 3858; x_wconf 76' lang='lat' dir='ltr'>Histoire</span> <span class='ocrx_word' id='word_1_245' title='bbox 1040 3799 1077 3859; x_wconf 79' lang='lat' dir='ltr'>de</span> <span class='ocrx_word' id='word_1_246' title='bbox 1098 3805 1128 3860; x_wconf 88' lang='lat' dir='ltr'>la</span> <span class='ocrx_word' id='word_1_247' title='bbox 1149 3803 1242 3861; x_wconf 77' lang='lat' dir='ltr'>milico</span> <span class='ocrx_word' id='word_1_248' title='bbox 1256 3800 1349 3878; x_wconf 83' lang='lat' dir='ltr'>sran-</span> <span class='ocrx_word' id='word_1_249' title='bbox 1403 3843 1404 3852; x_wconf 40' lang='lat'>1</span> 
     </span>
     <span class='ocr_line' id='line_1_35' title="bbox 247 3897 1349 3975; baseline 0.005 -21"><span class='ocrx_word' id='word_1_250' title='bbox 247 3901 337 3975; x_wconf 63' lang='lat' dir='ltr'>curse,</span> <span class='ocrx_word' id='word_1_251' title='bbox 359 3899 447 3957; x_wconf 89' lang='lat' dir='ltr'>Tom.</span> <span class='ocrx_word' id='word_1_252' title='bbox 470 3899 508 3968; x_wconf 89' lang='lat' dir='ltr'>II,</span> <span class='ocrx_word' id='word_1_253' title='bbox 530 3902 612 3962; x_wconf 86' lang='lat' dir='ltr'>Livr.</span> <span class='ocrx_word' id='word_1_254' title='bbox 635 3901 720 3971; x_wconf 87' lang='lat' dir='ltr'>XIV,</span> <span class='ocrx_word' id='word_1_255' title='bbox 741 3901 789 3961; x_wconf 85' lang='lat' dir='ltr'>cb.</span> <span class='ocrx_word' id='word_1_256' title='bbox 813 3900 842 3961; x_wconf 88' lang='grc'>1.</span> <span class='ocrx_word' id='word_1_257' title='bbox 884 3898 1016 3960; x_wconf 70' lang='lat' dir='ltr'>ib&#39;stoz&#39;re</span> <span class='ocrx_word' id='word_1_258' title='bbox 1037 3901 1074 3960; x_wconf 84' lang='lat' dir='ltr'>de</span> <span class='ocrx_word' id='word_1_259' title='bbox 1093 3897 1274 3963; x_wconf 81' lang='lat' dir='ltr'>l&#39;Acude&#39;mie</span> <span class='ocrx_word' id='word_1_260' title='bbox 1299 3906 1349 3963; x_wconf 80' lang='lat' dir='ltr'>des</span> 
     </span>
     <span class='ocr_line' id='line_1_36' title="bbox 247 3998 1348 4085; baseline 0.003 -29"><span class='ocrx_word' id='word_1_261' title='bbox 247 3998 450 4077; x_wconf 76' lang='lat' dir='ltr'>inscriptions,</span> <span class='ocrx_word' id='word_1_262' title='bbox 478 3999 598 4078; x_wconf 82' lang='lat' dir='ltr'>XVIII,</span> <span class='ocrx_word' id='word_1_263' title='bbox 626 4026 656 4085; x_wconf 90' lang='lat' dir='ltr'>p.</span> <span class='ocrx_word' id='word_1_264' title='bbox 680 4003 753 4062; x_wconf 81' lang='lat'>256.</span> <span class='ocrx_word' id='word_1_265' title='bbox 802 4001 1025 4073; x_wconf 83' lang='lat' dir='ltr'>Bernouilli,</span> <span class='ocrx_word' id='word_1_266' title='bbox 1057 4002 1220 4076; x_wconf 63' lang='lat' dir='ltr'>Summluug</span> <span class='ocrx_word' id='word_1_267' title='bbox 1247 4000 1348 4062; x_wconf 76' lang='lat' dir='ltr'>leurzer</span> 
     </span>
     <span class='ocr_line' id='line_1_37' title="bbox 248 4098 1347 4184; baseline 0.008 -29"><span class='ocrx_word' id='word_1_268' title='bbox 248 4098 583 4178; x_wconf 68' lang='lat' dir='ltr'>Rebedescbreibuugen‚</span> <span class='ocrx_word' id='word_1_269' title='bbox 605 4102 660 4162; x_wconf 91' lang='lat' dir='ltr'>Bd.</span> <span class='ocrx_word' id='word_1_270' title='bbox 672 4104 729 4182; x_wconf 75' lang='lat' dir='ltr'>XI&gt;</span> <span class='ocrx_word' id='word_1_271' title='bbox 749 4124 779 4184; x_wconf 88' lang='lat' dir='ltr'>p.</span> <span class='ocrx_word' id='word_1_272' title='bbox 792 4103 863 4162; x_wconf 77' lang='lat'><strong>264.</strong></span> <span class='ocrx_word' id='word_1_273' title='bbox 912 4098 1035 4159; x_wconf 83' lang='lat' dir='ltr'>Wiener</span> <span class='ocrx_word' id='word_1_274' title='bbox 1055 4103 1242 4164; x_wconf 78' lang='lat' dir='ltr'>militririscbe</span> <span class='ocrx_word' id='word_1_275' title='bbox 1263 4106 1347 4164; x_wconf 83' lang='lat' dir='ltr'>Zeit-</span> 
     </span>
    </p>
   </div>
   <div class='ocr_carea' id='block_1_3' title="bbox 150 4196 1021 4286">
    <p class='ocr_par' dir='ltr' id='par_1_3' title="bbox 150 4196 1021 4286">
     <span class='ocr_line' id='line_1_38' title="bbox 150 4196 1021 4286; baseline 0.015 -33"><span class='ocrx_word' id='word_1_276' title='bbox 150 4244 154 4253; x_wconf 77' lang='grc'><strong>,</strong></span> <span class='ocrx_word' id='word_1_277' title='bbox 247 4196 365 4274; x_wconf 73' lang='lat' dir='ltr'>schrift,</span> <span class='ocrx_word' id='word_1_278' title='bbox 388 4199 480 4278; x_wconf 82' lang='lat'><strong>1809,</strong></span> <span class='ocrx_word' id='word_1_279' title='bbox 502 4196 577 4276; x_wconf 76' lang='lat' dir='ltr'>Hesi</span> <span class='ocrx_word' id='word_1_280' title='bbox 598 4199 628 4261; x_wconf 85' lang='lat'>3.</span> <span class='ocrx_word' id='word_1_281' title='bbox 678 4198 724 4281; x_wconf 90' lang='lat' dir='ltr'>[S.</span> <span class='ocrx_word' id='word_1_282' title='bbox 749 4203 798 4268; x_wconf 88' lang='lat' dir='ltr'>die</span> <span class='ocrx_word' id='word_1_283' title='bbox 820 4198 1021 4286; x_wconf 72' lang='lat' dir='ltr'>Nachtrtge]</span> 
     </span>
    </p>
   </div>
   <div class='ocr_carea' id='block_1_4' title="bbox 0 0 1420 5088">
    <p class='ocr_par' dir='ltr' id='par_1_4' title="bbox 0 0 1420 5088">
     <span class='ocr_line' id='line_1_39' title="bbox 0 0 1420 5088; baseline 0 1"><span class='ocrx_word' id='word_1_284' title='bbox 0 0 1420 5088; x_wconf 95' lang='lat' dir='ltr'> </span> 
     </span>
    </p>
   </div>
  </div>
 </body>
</html>
