2834 5090
485 513 495 524 .,
570 425 719 544 ss*

41 631 219 701 ceamentis
243 621 469 732 gemmatis1)
476 693 486 726 ‚
518 653 554 712 et
577 637 679 715 fibula
716 669 817 718 aurea
842 671 959 743 sagum
990 653 1133 727 adstrin-

38 747 195 846 gente2),
228 749 420 828 diademate
447 781 585 858 quoque
616 787 658 834 ex
682 787 763 834 auro
791 777 827 836 et
861 771 1005 878 gemmis
1032 799 1130 848 orna

40 873 89 934 tus
114 865 315 958 incedebat3
341 871 498 948 aliist
441 888 498 948 aut
500 903 554 950 em
579 877 702 952 diebus
726 879 876 954 habitus
885 888 957 960 eius
977 916 1133 988 paruma

38 987 202 1057 communi
226 999 262 1059 et
285 989 426 1087 plebeio
450 995 665 1071 abhorrebat.

298 1227 355 1284 Γ
444 1228 716 1320 ΟΑΡΗΧΧΝ

121 1385 162 1458 Iu
201 1391 279 1464 cibo
301 1391 337 1484 ³)
377 1406 413 1466 et
451 1411 538 1496 potu
575 1411 768 1498 temperans
785 1402 822 1497 ¹)
864 1407 976 1480 sed
967 1437 1002 1481 ru
1043 1425 1130 1511 potu

31 1510 277 1604 temperantior,
304 1513 434 1612 quippe
461 1520 519 1616 qui
542 1517 767 1592 ebrietatem
758 1547 792 1592 111
813 1527 1043 1646 qualicunque
1065 1533 1129 1606 ho-

28 1625 124 1713 nine,
150 1627 311 1699 nedum'
302 1657 337 1702 111
363 1659 402 1704 se
425 1661 466 1708 ac
491 1639 579 1726 suis,
609 1637 790 1734 plurimum
796 1634 1128 1752 abominabatur5).

31 1733 114 1812 Cibo
144 1748 234 1816 enirn
261 1774 331 1818 non
356 1751 444 1824 adeo
469 1756 640 1827 abstinere
662 1782 709 1852 po
712 1769 814 1847 etrat,
845 1775 884 1836 ut
912 1791 1016 1864 saepe
1043 1798 1129 1870 que·
1199 1761 1205 1783 ⁸

28 1871 164 1949 aretur,
189 1867 291 1938 noxia
312 1875 448 1974 corpori
468 1901 531 1947 suo
555 1897 633 1946 esse
654 1875 787 1947 ieiunia.
825 1875 1128 1990 Convivabatur³)

27 1980 259 2072 rarissime,e
261 1985 371 2061 thoe
393 1994 635 2090 praecipuist
621 1999 750 2066 tantum
774 1993 922 2069 festivita
923 2001 1060 2093 tibus,t
1045 2019 1130 2082 tunc

26 2104 132 2172 tamen
160 2127 237 2192 cum
261 2131 385 2203 magno
410 2109 585 2183 homiuum
610 2139 761 2186 nurnero.
819 2110 938 2191 Coena
950 2121 987 2219 ⁷)
1014 2131 1128 2225 quoti-

29 2211 119 2290 diana
148 2227 321 2317 quaternis
346 2237 476 2300 tantum
501 2229 640 2304 ferculis
664 2233 904 2330 praebebatur,
923 2255 1022 2337 praet
1024 2269 1071 2318 er
1071 2273 1126 2319 as

26 2358 94 2426 sam,
122 2363 224 2436 quam
255 2356 437 2419 venatores
475 2351 614 2422 veribus
628 2348 663 2442 8)
697 2351 845 2424 inferre
854 2355 1028 2452 solebant,
1059 2390 1126 2460 qua
1186 2371 1187 2374 ’

25 2454 71 2527 ille
102 2459 228 2532 libent
203 2472 270 2533 trus
299 2489 399 2562 quam
436 2465 506 2538 ullo
546 2463 612 2539 alio
646 2470 725 2544 cibo
758 2472 971 2548 vescebatur.
1031 2475 1126 2552 Inter

30 2579 238 2654 coenandum
264 2595 322 2654 aut
346 2583 485 2684 aliquod
511 2613 666 2662 acroama
678 2588 713 2686 ³)
738 2601 796 2662 aut
815 2589 1002 2666 lectorem
1007 2597 1125 2671 audie-

24 2692 81 2767 bat.
116 2695 403 2798 Legebanturtei
418 2703 580 2777 historiae
607 2718 642 2778 et
667 2711 882 2808 antiquorum
907 2736 963 2784 res
977 2717 1035 2808 ¹⁰)
1061 2741 1124 2814 ge-

26 2826 98 2889 stae.
151 2817 405 2894 Delectabatur
427 2835 462 2893 et
484 2824 579 2896 libris
605 2831 714 2900 sancti
743 2826 946 2930 Augustini,
988 2839 1122 2932 praeci-

23 2957 154 3037 pueque
180 2939 235 3012 his
255 2944 314 3039 qui
341 2941 384 3013 de
413 2943 550 3014 civitate
572 2940 645 3014 Dei
661 2944 718 3040 ¹¹)
739 2951 945 3044 praetitulati
962 2967 1041 3026 sunt
1054 2953 1121 3049 ¹²).

23 3047 171 3156 Vini¹³)
200 3071 235 3131 et
261 3064 370 3134 omnis
396 3073 500 3160 potus
527 3060 615 3134 adeo
641 3089 767 3162 parcus
802 3070 838 3138 in
860 3069 1014 3144 bibendo
1041 3085 1122 3161 erat,

23 3183 54 3243 ut·
83 3203 192 3278 super
225 3192 368 3254 coenam
401 3209 476 3255 raro
507 3182 586 3282 plus
615 3207 715 3282 quam
755 3195 810 3258 ter
846 3186 1012 3260 biberet.
1047 3184 1120 3261 Ae-

23 3359 218 3378 w

94 3501 127 3577 ¹)
147 3499 198 3560 Al.
214 3504 374 3579 geminatis.
412 3535 451 3550 -·
513 3502 545 3580 ²)
563 3503 623 3564 All.
643 3503 827 3581 ammeca.

90 3597 123 3670 ³)
146 3596 212 3658 Csr.
231 3597 373 3659 Sueten.
391 3599 474 3675 Aug.
494 3620 519 3659 c.
539 3605 586 3666 76.
605 3632 644 3647 -
662 3599 761 3662 sz.

89 3689 122 3768 ⁴)
143 3691 204 3751 All.
222 3697 403 3770 munao,
421 3706 581 3769 cenoman
606 3701 609 3710 ’

144 3787 236 3846 Pertz
257 3807 291 3847 ex
311 3789 376 3848 cod.
395 3789 485 3848 Vind.
504 3787 628 3868 aliisque
644 3787 888 3853 deminutam.

145 3879 210 3942 Cfr.
230 3882 371 3944 Sueten.
391 3885 473 3960 Aug.
493 3905 517 3948 c.
538 3892 584 3952 74.
604 3919 643 3932 --
661 3885 779 3948 Perit.
801 3893 803 3898 '

145 3975 210 4038 Csr.
230 3978 372 4040 Sueten.
392 3979 412 4042 l.
431 3979 453 4039 l.
491 4009 531 4024 -
572 3979 604 4057 ⁸)
622 3980 681 4041 All.
699 3980 828 4046 verubus.

142 4070 288 4134 Sueten.
308 4076 390 4151 Aug.
411 4096 436 4138 c.
456 4080 504 4139 vt.
527 4073 704 4151 Vespasiae.
725 4099 748 4140 c.
769 4083 816 4142 19.
833 4111 873 4126 -
890 4075 1004 4137 Perta.

144 4165 205 4226 All.
224 4189 324 4246 regem
332 4185 423 4246 gesta.
462 4203 498 4216 -
543 4168 595 4246 ¹¹)
613 4169 676 4231 All:
690 4169 821 4234 Dormiat.

142 4261 193 4323 Al.
211 4287 282 4346 quos
299 4265 335 4327 de
351 4267 461 4326 aaran
478 4263 524 4324 dei
540 4265 791 4342 imeripsit.'Vide
803 4265 972 4330 comment
989 4274 1114 4326 nostros·

145 4356 212 4421 Csr.
231 4361 378 4424 Sueten.
398 4358 482 4438 Aug.
501 4381 526 4422 c.
546 4366 593 4428 Ἦ.
611 4389 651 4406 -
668 4359 805 4421 Perta·

726 4455 768 4510 6*
